"","id","tfs_zulu","inning_side.x","inning.x","pitcher_name","p_throws","batter_name","stand","count","pitch_type","zone","hitter_val","hv_binary"
"1",38,"2017-02-23T18:19:49Z","top",2,NA,"R","Dylan Cozens","L","2-0",NA,NA,0.25,0
"2",123,"2017-02-23T18:43:49Z","top",3,NA,"R","Xander Bogaerts","R","0-0",NA,NA,0.25,0
"3",50,"2017-02-23T18:21:59Z","top",2,"Myles Jaye","R",NA,"R","1-0",NA,NA,0.25,0
"4",65,"2017-02-23T18:32:57Z","bottom",2,NA,"R","Jose Iglesias","R","0-0",NA,NA,-2,1
"5",190,"2017-02-23T19:18:35Z","bottom",4,NA,"R","Efren Navarro","L","0-0",NA,NA,-2,1
"6",341,"2017-02-23T20:02:29Z","top",7,NA,"R","Brian Bogusevic","L","0-0",NA,NA,1,0
"7",188,"2017-02-24T19:52:40Z","top",5,"Rafael Montero","R",NA,"L","1-0",NA,NA,0,0
"8",432,"2017-02-24T22:20:14Z","top",9,"Cory Gearrin","R","Aristides Aquino","R","0-0",NA,NA,0.25,0
"9",199,"2017-02-24T19:29:00Z","top",5,"Luis Cessa","R","Hector Gomez","R","0-2",NA,NA,-0.333333333333333,1
"10",377,"2017-02-24T20:26:19Z","top",8,"Giovanny Gallegos","R","Cameron Perkins","R","0-0",NA,NA,4.5,0
"11",47,"2017-02-24T18:24:48Z","top",2,"Jacob Lugo","R","Brock Holt","L","0-0",NA,NA,-1,1
"12",244,"2017-02-24T21:35:54Z","top",5,NA,"R","Yadiel Rivera","R","0-0",NA,NA,0.5,0
"13",7,"2017-02-24T20:07:13Z","top",1,"Madison Bumgarner","L","Jose Peraza","R","0-0",NA,NA,-2,1
"14",220,"2017-02-24T21:19:14Z","bottom",4,"Sal Romano","R","Michael Morse","R","0-0",NA,NA,-1,1
"15",164,"2017-02-25T19:08:10Z","top",4,"Jandel Gustave","R","Mikie Mahtook","R","0-1",NA,NA,-0.333333333333333,1
"16",333,"2017-02-25T20:05:46Z","bottom",6,"Clayton Kershaw","L","Tim Anderson","R","3-0",NA,NA,0.25,0
"17",349,"2017-02-25T20:08:14Z","top",7,"Yusmeiro Petit","R","Jonathan Villar","L","0-0",NA,NA,-1,1
"18",374,"2017-02-25T20:28:25Z","bottom",7,"Amir Garrett","L","Daniel Robertson","R","0-0",NA,NA,-0.333333333333333,1
"19",412,"2017-02-25T20:36:34Z","bottom",8,"Daniel Farquhar","R","Joseph Terdoslavich","L","0-2",NA,NA,-0.333333333333333,1
"20",427,"2017-02-25T20:37:32Z","bottom",8,"Ryan Merritt","L","Tucker Barnhart","R","1-0",NA,NA,-0.333333333333333,1
"21",51,"2017-02-25T18:30:36Z","top",2,"Trevor Williams","R","Trey Mancini","R","2-0",NA,NA,0.25,0
"22",139,"2017-02-25T18:59:19Z","bottom",3,"Matt Barnes","R","Matt Hague","R","3-1",NA,NA,3.5,0
"23",221,"2017-02-25T19:26:33Z","top",4,"Nick Wittgren","R","Greg Garcia","L","0-1",NA,NA,-0.333333333333333,1
"24",455,"2017-02-25T20:36:24Z","bottom",7,"Daniel Farquhar","R","Eric Wood","R","0-0",NA,NA,1,0
"25",472,"2017-02-25T20:40:16Z","bottom",7,"Brooks Pounders","R","Jonathan Villar","L","0-0",NA,NA,0.25,0
"26",475,"2017-02-25T20:40:29Z","bottom",7,"Shelby Miller","R","Gerardo Parra","L","3-0",NA,NA,0.25,0
"27",525,"2017-02-25T20:58:44Z","bottom",8,"Ryan Borucki","L","Matt Tuiasosopo","R","0-1",NA,NA,-0.333333333333333,1
"28",553,"2017-02-25T21:12:10Z","top",9,"John Kuchno","R",NA,"L","1-0",NA,NA,0.25,0
"29",15,"2017-02-25T18:10:13Z","top",1,"Bartolo Colon","R","Darrell Ceciliani","L","0-0",NA,NA,-2,1
"30",179,"2017-02-25T19:16:30Z","top",4,"Jason Garcia","R","Gregory Polanco","L","0-0",NA,NA,-1,1
"31",392,"2017-02-25T20:39:06Z","bottom",6,"Kevin Chapman","L","Joseph Pankake","R","1-0",NA,NA,-0.333333333333333,1
"32",454,"2017-02-25T20:55:32Z","bottom",7,"Jared Lakind","L",NA,"L","0-0",NA,NA,0,0
"33",458,"2017-02-25T20:57:25Z","bottom",7,"Jake Junis","R","Carlos Gomez","R","0-0",NA,NA,-0.333333333333333,1
"34",476,"2017-02-25T21:03:58Z","top",8,"John Gant","R","Moises Sierra","R","0-0",NA,NA,0.25,0
"35",477,"2017-02-25T21:04:02Z","top",8,"Wil Browning","R","Johan Camargo","L","1-0",NA,NA,0.25,0
"36",35,"2017-02-25T18:23:23Z","top",2,"Bartolo Colon","R","Anthony Alford","R","0-0",NA,NA,0,0
"37",276,"2017-02-25T19:46:20Z","bottom",6,"Cy Sneed","R","Miguel Cabrera","R","0-0",NA,NA,-0.333333333333333,1
"38",340,"2017-02-25T20:06:16Z","top",8,"Zachary Stewart","R","Barrett Barnes","R","0-0",NA,NA,0,0
"39",377,"2017-02-25T20:30:03Z","bottom",8,"Alex Wood","L","Carlos Sanchez","R","0-0",NA,NA,-0.333333333333333,1
"40",404,"2017-02-25T20:31:01Z","top",9,"Martin Perez","L","Jorge Soler","R","0-0",NA,NA,1,0
"41",438,"2017-02-25T20:40:11Z","bottom",9,"Ryan Pressly","R","Allen Craig","R","0-0",NA,NA,1,0
"42",86,"2017-02-25T18:41:02Z","top",3,"Cesar Ramos","L","Ronald Torreyes","R","0-0",NA,NA,-2,1
"43",165,"2017-02-25T19:16:30Z","bottom",4,"Jason Garcia","R","Gregory Polanco","L","0-0",NA,NA,-1,1
"44",206,"2017-02-25T20:36:37Z","top",5,"Parker Bridwell","R","Wyatt Mathisen","R","0-0",NA,NA,1,0
"45",220,"2017-02-25T20:36:56Z","top",5,"Yusmeiro Petit","R","Jesus Aguilar","R","3-0",NA,NA,0.25,0
"46",332,"2017-02-25T20:52:40Z","bottom",6,"Dallas Beeler","R","Mac Williamson","R","0-2",NA,NA,-0.333333333333333,1
"47",393,"2017-02-25T21:00:06Z","bottom",7,"Ty Blach","L","Christopher Dominguez","R","0-2",NA,NA,-0.333333333333333,1
"48",400,"2017-02-25T21:00:43Z","top",8,"Akeel Morris","R","Christian Lopes","R","0-0",NA,NA,-0.333333333333333,1
"49",408,"2017-02-25T21:00:50Z","top",8,"Brooks Pounders","R","Travis Shaw","L","2-0",NA,NA,0.25,0
"50",415,"2017-02-25T21:00:58Z","top",8,"Akeel Morris","R","Lane Thomas","R","2-0",NA,NA,0.25,0
"51",434,"2017-02-25T21:02:14Z","top",8,"Jarrett Grube","R","Chase D'Arnaud","R","0-2",NA,NA,-0.333333333333333,1
"52",472,"2017-02-25T21:04:25Z","top",9,"Edgar Olmos","L","Niko Goodrum","R","0-0",NA,NA,-1,1
"53",500,"2017-02-25T21:11:35Z","bottom",9,"Archie Bradley","R","Mark Reynolds","R","2-0",NA,NA,0.25,0
"54",121,"2017-02-25T18:49:33Z","top",3,"Blaine Hardy","L",NA,"R","3-0",NA,NA,0.25,0
"55",177,"2017-02-25T19:06:23Z","bottom",3,"Jandel Gustave","R","Justin Upton","R","0-2",NA,NA,-0.333333333333333,1
"56",244,"2017-02-25T19:24:51Z","top",5,"Matt Albers","R","Rene Rivera","R","0-0",NA,NA,0,0
"57",262,"2017-02-25T19:29:45Z","top",5,"Jeff Beliveau","L","Adonis Garcia","R","0-0",NA,NA,0.25,0
"58",303,"2017-02-25T20:42:23Z","bottom",5,"Alex Wood","L","Tim Anderson","R","0-0",NA,NA,2,0
"59",417,"2017-02-25T21:00:46Z","top",7,"Neil Wagner","R","Erich Weiss","L","0-0",NA,NA,1,0
"60",437,"2017-02-25T21:03:51Z","bottom",7,"Brett McKinney","R",NA,"L","0-0",NA,NA,-1,1
"61",522,"2017-02-25T21:19:04Z","top",9,"Jose Alvarez","L","Eric Thames","L","0-2",NA,NA,-0.333333333333333,1
"62",57,"2017-02-25T18:33:21Z","top",2,"Justin Verlander","R","Jacob Marisnick","R","0-1",NA,NA,-0.333333333333333,1
"63",77,"2017-02-25T18:42:31Z","bottom",2,"Tony Watson","L","Audry Perez","R","2-0",NA,NA,0.25,0
"64",208,"2017-02-25T19:29:40Z","bottom",4,"Cy Sneed","R","Dixon Machado","R","3-0",NA,NA,0.25,0
"65",285,"2017-02-25T19:50:09Z","top",5,"Cy Sneed","R","Mikie Mahtook","R","0-2",NA,NA,-0.333333333333333,1
"66",334,"2017-02-25T20:09:13Z","bottom",5,"Clayton Kershaw","L","Jose Abreu","R","2-1",NA,NA,0.25,0
"67",383,"2017-02-25T20:23:25Z","top",6,"Alex Wood","L","Matthew Davidson","R","0-0",NA,NA,0.25,0
"68",449,"2017-02-25T21:00:46Z","top",7,"Neil Wagner","R","Erich Weiss","L","0-0",NA,NA,-0.333333333333333,1
"69",451,"2017-02-25T21:00:50Z","top",7,"Brooks Pounders","R","Travis Shaw","L","0-2",NA,NA,-0.333333333333333,1
"70",455,"2017-02-25T21:01:07Z","top",7,"Jake Junis","R","Nomar Mazara","L","0-0",NA,NA,-0.333333333333333,1
"71",461,"2017-02-25T21:01:19Z","top",7,"Neil Wagner","R","Eric Wood","R","0-0",NA,NA,-1,1
"72",461,"2017-02-25T21:01:19Z","top",7,"Ty Blach","L","John Andreoli","R","0-0",NA,NA,-2,1
"73",502,"2017-02-25T21:03:45Z","top",8,"Cesar Vargas","R","Mike Zunino","R","0-0",NA,NA,-0.333333333333333,1
"74",503,"2017-02-25T21:03:47Z","top",8,"John Gant","R","Brandon Barnes","R","0-1",NA,NA,-0.333333333333333,1
"75",515,"2017-02-25T21:07:05Z","bottom",8,"Severino Gonzalez","R","Magneuris Sierra","L","3-0",NA,NA,0.25,0
"76",527,"2017-02-25T21:13:25Z","bottom",8,"Jose Diaz","R","Daniel Robertson","R","0-0",NA,NA,-1,1
"77",560,"2017-02-25T21:23:38Z","top",9,"Andrew Miller","L","Jesse Winker","L","0-0",NA,NA,-0.333333333333333,1
"78",561,"2017-02-25T21:23:41Z","top",9,"Austin Maddox","R","Zach Granite","L","0-1",NA,NA,-0.333333333333333,1
"79",40,"2017-02-25T18:20:36Z","top",2,"Luke Weaver","R","Christian Yelich","L","0-0",NA,NA,1,0
"80",45,"2017-02-25T18:21:54Z","top",2,"Bartolo Colon","R","Rowdy Tellez","L","0-0",NA,NA,0.5,0
"81",60,"2017-02-25T18:29:56Z","bottom",2,"Bartolo Colon","R","Dwight Smith","L","0-0",NA,NA,-2,1
"82",96,"2017-02-25T18:47:47Z","bottom",3,"Dustin McGowan","R",NA,"R","0-0",NA,NA,1,0
"83",136,"2017-02-25T19:02:38Z","bottom",4,"Seung Hwan Oh","R","Jacob Realmuto","R","0-0",NA,NA,-2,1
"84",158,"2017-02-25T19:09:07Z","top",5,"Tyler Duffey","R","Xander Bogaerts","R","0-0",NA,NA,-0.333333333333333,1
"85",210,"2017-02-25T19:19:32Z","bottom",5,"Austin Gomber","L","Destin Hood","R","0-0",NA,NA,2,0
"86",225,"2017-02-25T19:24:43Z","bottom",5,"Adam Achter","R","Norichika Aoki","L","1-0",NA,NA,0.25,0
"87",451,"2017-02-25T20:53:48Z","bottom",8,"Jared Lakind","L","Braxton Lee","L","2-0",NA,NA,0.25,0
"88",465,"2017-02-25T20:54:31Z","bottom",8,"Joba Chamberlain","R","Ben Revere","L","1-0",NA,NA,0.25,0
"89",489,"2017-02-25T20:55:53Z","bottom",8,"Joba Chamberlain","R","C.J. Cron","R","1-0",NA,NA,0.25,0
"90",510,"2017-02-25T20:58:54Z","top",9,"Ryan Borucki","L","Dustin Peterson","R","1-0",NA,NA,0.25,0
"91",11,"2017-02-25T20:11:22Z","top",1,"Martin Perez","L","Eric Hosmer","L","0-0",NA,NA,2,0
"92",74,"2017-02-25T20:35:34Z","bottom",2,"Shelby Miller","R","Mark Reynolds","R","0-0",NA,NA,-1,1
"93",78,"2017-02-25T20:37:49Z","bottom",2,"Parker Bridwell","R","Jin-De Jhang","L","0-0",NA,NA,-0.333333333333333,1
"94",80,"2017-02-25T20:37:52Z","bottom",2,"Ryan Merritt","L","Desmond Jennings","R","0-2",NA,NA,-0.333333333333333,1
"95",117,"2017-02-25T20:57:59Z","top",4,"Justin Marks","L","Max Moroff","R","0-0",NA,NA,0.5,0
"96",179,"2017-02-25T21:16:57Z","top",5,"J.T. Chargois","R","Allen Craig","R","0-0",NA,NA,1,0
"97",211,"2017-02-25T21:28:46Z","bottom",5,"Madison Younginer","R","Tim Anderson","R","2-0",NA,NA,0.25,0
"98",459,"2017-02-25T22:39:40Z","bottom",8,NA,"L","Michael Tauchman","L","1-0",NA,NA,0.25,0
"99",63,"2017-02-25T20:29:51Z","top",2,"Jonathan Holder","R",NA,"R","1-0",NA,NA,-1,1
"100",85,"2017-02-25T20:36:19Z","bottom",2,NA,"R","Yasiel Puig","R","0-2",NA,NA,-0.333333333333333,1
"101",95,"2017-02-25T20:39:31Z","bottom",2,"Jake Junis","R","Joey Gallo","L","0-0",NA,NA,-2,1
"102",95,"2017-02-25T20:39:31Z","bottom",2,NA,"R","Andrew Toles","L","0-0",NA,NA,0.5,0
"103",104,"2017-02-25T20:43:52Z","top",3,NA,"L","Cory Spangenberg","L","0-0",NA,NA,2.5,0
"104",172,"2017-02-25T21:06:47Z","top",4,"Severino Gonzalez","R","Wilfredo Tovar","R","0-0",NA,NA,-0.333333333333333,1
"105",178,"2017-02-25T21:08:47Z","top",4,"Michael Blazek","R","Luis Valbuena","L","0-0",NA,NA,1,0
"106",182,"2017-02-25T21:09:56Z","top",4,"Raul Alcantara","R","Addison Russell","R","0-0",NA,NA,-1,1
"107",193,"2017-02-25T21:11:41Z","top",4,"Zachary Phillips","L","Ryan Jackson","R","0-0",NA,NA,-0.333333333333333,1
"108",212,"2017-02-25T21:18:56Z","bottom",4,"Antonio Senzatela","R","Yasmany Tomas","R","0-0",NA,NA,-3,1
"109",247,"2017-02-25T21:28:49Z","top",5,"Archie Bradley","R","DJ LeMahieu","R","0-0",NA,NA,-0.333333333333333,1
"110",248,"2017-02-25T21:28:49Z","top",5,"Archie Bradley","R","DJ LeMahieu","R","0-1",NA,NA,-0.333333333333333,1
"111",253,"2017-02-25T21:29:44Z","top",5,"Lisalberto Bonilla","R","Michael Martinez","L","0-0",NA,NA,-2,1
"112",400,"2017-02-25T22:22:06Z","bottom",7,"Chris Smith","R","Yasiel Balaguert","R","0-0",NA,NA,-0.333333333333333,1
"113",9,"2017-02-25T20:09:13Z","top",1,"Clayton Kershaw","L","Jose Abreu","R","0-2",NA,NA,-0.333333333333333,1
"114",28,"2017-02-25T20:18:57Z","bottom",1,"Rob Zastryzny","L","Buster Posey","R","0-0",NA,NA,0,0
"115",88,"2017-02-25T20:37:55Z","top",2,"Cory Rasmus","R","Austin Meadows","L","0-1",NA,NA,-0.333333333333333,1
"116",89,"2017-02-25T20:37:55Z","top",2,"Cory Rasmus","R","Austin Meadows","L","0-2",NA,NA,-0.333333333333333,1
"117",130,"2017-02-25T20:57:57Z","top",3,"Ty Blach","L","Miguel Montero","L","0-1",NA,NA,-0.333333333333333,1
"118",136,"2017-02-25T21:00:26Z","top",3,"Brian Duensing","L","Marcus Semien","R","0-1",NA,NA,-0.333333333333333,1
"119",137,"2017-02-25T21:00:26Z","top",3,"Brian Duensing","L","Marcus Semien","R","0-2",NA,NA,-0.333333333333333,1
"120",144,"2017-02-25T21:09:25Z","bottom",3,"Edgar Olmos","L","Eddy Rodriguez","R","0-0",NA,NA,0.25,0
"121",155,"2017-02-25T21:09:55Z","bottom",3,"Josh Ravin","R","Geovany Soto","R","0-0",NA,NA,0,0
"122",196,"2017-02-25T21:23:41Z","top",4,"Austin Maddox","R","Zach Granite","L","0-2",NA,NA,-0.333333333333333,1
"123",250,"2017-02-25T21:37:27Z","top",5,"Shawn Armstrong","R","Joey Votto","L","0-0",NA,NA,-0.333333333333333,1
"124",77,"2017-02-25T20:25:42Z","bottom",1,"Alex Wood","L","Avisail Garcia","R","2-0","FF",14,-0.333333333333333,1
"125",103,"2017-02-25T20:34:17Z","top",2,"AJ Schugel","R","Chris Dickerson","L","1-0","SI",9,-1,1
"126",108,"2017-02-25T20:34:59Z","top",2,"Aaron Brooks","R","Adam Rosales","R","0-0","CU",11,0.25,0
"127",125,"2017-02-25T20:40:10Z","bottom",2,"Joe Mantiply","L","Brock Stassi","L","1-0","FF",8,-1,1
"128",156,"2017-02-25T20:48:16Z","top",3,"Shane Greene","R","Jon Kemmer","L","1-1","CU",14,0.25,0
"129",156,"2017-02-25T20:48:16Z","top",3,"Austin Gomber","L","J.T. Riddle","L","1-1","CU",14,0.25,0
"130",166,"2017-02-25T20:50:18Z","top",3,"Ryan O'Rourke","L","Junior Lake","R","0-0","FF",8,-0.333333333333333,1
"131",188,"2017-02-25T20:55:32Z","bottom",3,"Jared Lakind","L",NA,"L","2-1","FF",11,0.25,0
"132",193,"2017-02-25T20:56:27Z","bottom",3,"Casey Fien","R","Manuel Margot","R","0-0","FF",12,0.25,0
"133",195,"2017-02-25T20:56:58Z","bottom",3,"Justin Marks","L",NA,"R","2-0","FF",11,0.25,0
"134",238,"2017-02-25T21:04:29Z","bottom",3,"John Gant","R","Austin Nola","R","0-1","FF",11,0.25,0
"135",244,"2017-02-25T21:06:14Z","bottom",3,"Cesar Vargas","R","Leonys Martin","L","3-1","FF",5,-2,1
"136",270,"2017-02-25T21:12:10Z","bottom",3,"John Kuchno","R",NA,"L","2-1","FF",11,0.25,0
"137",275,"2017-02-25T21:13:03Z","bottom",3,"J.T. Chargois","R","Deven Marrero","R","0-0","FF",8,-0.333333333333333,1
"138",281,"2017-02-25T21:14:27Z","bottom",3,"Jose Rosario","R","Matthew Joyce","L","0-0","CH",5,1,0
"139",299,"2017-02-25T21:17:12Z","top",4,"Brandon Cunniff","R","Todd Cunningham","L","1-1","CH",14,0.25,0
"140",300,"2017-02-25T21:17:26Z","top",4,"Michael Broadway","R","Dominic Smith","L","2-1","FF",14,0.25,0
"141",307,"2017-02-25T21:19:04Z","top",4,"Jose Alvarez","L","Eric Thames","L","0-0","CH",6,-0.333333333333333,1
"142",316,"2017-02-25T21:21:25Z","top",4,"Jose Alvarez","L","Jesus Aguilar","R","1-2","FF",2,0.5,0
"143",355,"2017-02-25T21:32:01Z","top",5,NA,"L","Carlos Gonzalez","L","0-0","CH",4,-2,1
"144",414,"2017-02-25T21:44:40Z","bottom",5,"Fabio Castillo","R","Nick Delmonico","L","1-2","FF",7,-0.333333333333333,1
"145",424,"2017-02-25T21:51:32Z","bottom",5,"Ross Detwiler","L","Yasiel Balaguert","R","0-0","FF",12,0.25,0
"146",444,"2017-02-25T21:53:56Z","top",6,"Jim Henderson","R","Tim Federowicz","R","2-1","SI",4,-0.333333333333333,1
"147",449,"2017-02-25T21:55:00Z","top",6,"Ryan Webb","R",NA,"R","0-0","SI",4,-0.333333333333333,1
"148",494,"2017-02-25T22:05:18Z","top",7,"Joseph Colon","R","Gabriel Guerrero","R","1-1","CH",13,0.25,0
"149",508,"2017-02-25T22:08:33Z","top",7,"Dylan Floro","R",NA,"L","0-0","CH",2,-0.333333333333333,1
"150",550,"2017-02-25T22:20:30Z","bottom",7,"Chris Smith","R",NA,"L","1-1","SL",13,-0.333333333333333,1
"151",601,"2017-02-25T22:31:31Z","bottom",8,"Maikel Cleto","R",NA,"R","0-2","SL",12,-0.333333333333333,1
"152",639,"2017-02-25T22:39:34Z","top",9,"Bobby Wahl","R",NA,"L","1-0","CU",9,-0.333333333333333,1
"153",661,"2017-02-25T22:46:53Z","bottom",9,"Hunter Strickland","R","Eloy Jimenez","R","2-2","CH",8,-2,1
"154",79,"2017-02-25T20:39:02Z","bottom",2,"Taylor Jungmann","R","Eric YoungJr.","L","1-0",NA,NA,0.25,0
"155",130,"2017-02-25T21:00:06Z","top",3,"Ty Blach","L","Christopher Dominguez","R","0-0",NA,NA,-0.333333333333333,1
"156",132,"2017-02-25T21:00:12Z","top",3,"Ryan Borucki","L","Jace Peterson","L","0-2",NA,NA,-0.333333333333333,1
"157",153,"2017-02-25T21:11:30Z","bottom",3,"Zachary Phillips","L","J.T. Riddle","L","0-2",NA,NA,-0.333333333333333,1
"158",178,"2017-02-25T21:19:44Z","top",4,"Aroni Nina","R","Shawn O'Malley","L","0-2",NA,NA,-0.333333333333333,1
"159",245,"2017-02-25T21:47:10Z","top",5,"Keith Hessler","L","Benjamin Gamel","L","0-0",NA,NA,-1,1
"160",340,"2017-02-25T22:16:54Z","top",7,"Spencer Adams","R","Darnell Sweeney","L","0-0",NA,NA,-1,1
"161",347,"2017-02-25T22:20:08Z","bottom",7,"Logan Bawcom","R","Tyler O'Neill","R","0-0",NA,NA,-0.333333333333333,1
"162",444,"2017-02-25T22:50:25Z","top",9,"Edward Paredes","L",NA,"R","0-0",NA,NA,-1,1
"163",3,"2017-02-25T20:11:04Z","top",1,"Yusmeiro Petit","R","Travis Shaw","L","0-0","FF",5,-0.333333333333333,1
"164",37,"2017-02-25T20:21:16Z","bottom",1,"Mike Montgomery","L","Marcus Semien","R","0-0","FF",13,0.25,0
"165",62,"2017-02-25T20:27:14Z","bottom",1,"Jed Bradley","L",NA,"R","0-0","SL",7,-0.333333333333333,1
"166",63,"2017-02-25T20:27:22Z","bottom",1,"Kevin Chapman","L","JaCoby Jones","R","0-1","CH",14,0.25,0
"167",93,"2017-02-25T20:36:06Z","top",2,"Paul Clemens","R","Mike Zunino","R","0-0","FF",3,0.25,0
"168",95,"2017-02-25T20:36:59Z","top",2,"Cory Rasmus","R","Philip Gosselin","R","1-1","FF",1,-0.333333333333333,1
"169",100,"2017-02-25T20:38:04Z","top",2,"Joe Mantiply","L","Rhys Hoskins","R","2-2","SI",9,-0.333333333333333,1
"170",133,"2017-02-25T20:48:17Z","bottom",2,"Jesse Hahn","R","Jason Heyward","L","0-2","CH",14,-0.333333333333333,1
"171",151,"2017-02-25T20:55:14Z","bottom",2,"Cesar Vargas","R","Mitch Haniger","R","3-0","FF",11,0.25,0
"172",164,"2017-02-25T20:59:27Z","bottom",2,"Ryan Borucki","L","Emilio Bonifacio","R","0-0","FF",13,0.25,0
"173",164,"2017-02-25T20:59:27Z","bottom",2,"Brooks Pounders","R","Keon Broxton","R","0-0","FF",13,0.25,0
"174",176,"2017-02-25T21:03:21Z","top",3,"Chris Beck","R","Joc Pederson","L","2-0","FF",7,-0.333333333333333,1
"175",186,"2017-02-25T21:06:14Z","top",3,"Cesar Vargas","R","Leonys Martin","L","0-2","KN",14,0.25,0
"176",220,"2017-02-25T21:14:13Z","top",3,"John Kuchno","R","Jake Hager","R","1-2","FF",13,-0.333333333333333,1
"177",231,"2017-02-25T21:17:57Z","bottom",3,"Brandon Cunniff","R","Thomas Pham","R","1-0","FF",8,-0.333333333333333,1
"178",232,"2017-02-25T21:18:11Z","bottom",3,"Chris Beck","R","Yasiel Puig","R","1-1","FF",11,0.25,0
"179",241,"2017-02-25T21:19:55Z","bottom",3,"Jose Rosario","R","Stephen Vogt","L","0-0","FF",5,-0.333333333333333,1
"180",335,"2017-02-25T21:40:07Z","bottom",4,"Jonathan Sanchez","L","Douglas Bernier","R","0-1","FF",6,-0.333333333333333,1
"181",336,"2017-02-25T21:40:07Z","bottom",4,"Jonathan Sanchez","L","Douglas Bernier","R","0-2","SL",8,1,0
"182",341,"2017-02-25T21:40:40Z","bottom",4,"Tyler Danish","R","Enrique Hernandez","R","1-0","FF",14,-0.333333333333333,1
"183",366,"2017-02-25T21:47:10Z","top",5,"Keith Hessler","L","Benjamin Gamel","L","1-1","FF",4,-0.333333333333333,1
"184",404,"2017-02-25T21:58:09Z","bottom",5,"Ryan Webb","R",NA,"L","1-0","FF",14,0.25,0
"185",499,"2017-02-25T22:25:12Z","top",7,"Cody Martin","R","Luis Torrens","R","3-2","FF",12,0.25,0
"186",645,"2017-02-25T23:01:33Z","top",9,"Ariel Hernandez","R",NA,"L","0-0","SL",14,0.25,0
"187",16,"2017-02-25T20:11:22Z","top",1,"Martin Perez","L","Eric Hosmer","L","0-0",NA,NA,-0.333333333333333,1
"188",42,"2017-02-25T20:34:59Z","bottom",1,"Aaron Brooks","R","Adam Rosales","R","0-2",NA,NA,-0.333333333333333,1
"189",45,"2017-02-25T20:35:06Z","bottom",1,"Daniel Farquhar","R","Jacob Stallings","R","0-2",NA,NA,0.25,0
"190",46,"2017-02-25T20:35:06Z","bottom",1,"Daniel Farquhar","R","Jacob Stallings","R","1-2",NA,NA,0.25,0
"191",47,"2017-02-25T20:35:07Z","bottom",1,"Kevin Chapman","L","Alex Presley","L","2-2",NA,NA,0.25,0
"192",56,"2017-02-25T20:36:06Z","top",2,"Paul Clemens","R","Mike Zunino","R","0-1",NA,NA,-0.333333333333333,1
"193",59,"2017-02-25T20:36:20Z","top",2,"Paul Clemens","R","Leonys Martin","L","2-2",NA,NA,0,0
"194",64,"2017-02-25T20:36:37Z","top",2,"Parker Bridwell","R","Wyatt Mathisen","R","1-0",NA,NA,-1,1
"195",92,"2017-02-25T20:39:06Z","bottom",2,"Kevin Chapman","L","Joseph Pankake","R","0-1",NA,NA,-0.333333333333333,1
"196",100,"2017-02-25T20:39:40Z","top",3,"Ryan Pressly","R","Sam Travis","R","0-0",NA,NA,0,0
"197",112,"2017-02-25T20:40:11Z","top",3,"Ryan Pressly","R","Allen Craig","R","0-1",NA,NA,0.25,0
"198",118,"2017-02-25T20:40:57Z","top",3,"Ryan Pressly","R","Brian Bogusevic","L","0-0",NA,NA,-0.333333333333333,1
"199",120,"2017-02-25T20:42:11Z","top",3,"Austin Gomber","L","Brian Anderson","R","1-1",NA,NA,1.5,0
"200",145,"2017-02-25T20:50:47Z","bottom",3,"Shane Greene","R","Derek Fisher","L","0-0",NA,NA,0.25,0
"201",179,"2017-02-25T21:00:22Z","top",4,"Scott Copeland","R","Anthony Garcia","R","2-1",NA,NA,0.25,0
"202",186,"2017-02-25T21:02:14Z","top",4,"Jarrett Grube","R","Chase D'Arnaud","R","1-0",NA,NA,-0.333333333333333,1
"203",187,"2017-02-25T21:02:41Z","top",4,"Brett McKinney","R","Jake Hager","R","1-1",NA,NA,0.25,0
"204",187,"2017-02-25T21:02:41Z","top",4,"Ty Blach","L","Munenori Kawasaki","L","1-1",NA,NA,0.25,0
"205",260,"2017-02-25T21:23:41Z","top",5,"Austin Maddox","R","Zach Granite","L","1-2",NA,NA,-0.333333333333333,1
"206",279,"2017-02-25T21:28:41Z","bottom",5,NA,"R","Michael Morse","R","0-0",NA,NA,0.25,0
"207",390,"2017-02-25T21:55:26Z","bottom",7,"Giovany Soto","L","Bobby Wilson","R","0-0",NA,NA,0.25,0
"208",459,"2017-02-25T22:16:53Z","top",8,"Josh Osich","L","David Bote","R","0-1",NA,NA,-0.333333333333333,1
"209",478,"2017-02-25T22:18:15Z","bottom",8,"Eric Stout","L","Drew Robinson","L","0-0",NA,NA,-2,1
"210",483,"2017-02-25T22:19:09Z","bottom",8,"Steve Delabar","R","Zach Vincej","R","0-1",NA,NA,-0.333333333333333,1
"211",57,"2017-02-25T20:34:59Z","bottom",1,"Aaron Brooks","R","Adam Rosales","R","0-1","FF",13,0.25,0
"212",58,"2017-02-25T20:34:59Z","bottom",1,"Aaron Brooks","R","Adam Rosales","R","1-1","FF",13,0.25,0
"213",75,"2017-02-25T20:36:09Z","top",2,"Parker Bridwell","R","Michael Suchy","R","1-0","SI",2,-1,1
"214",86,"2017-02-25T20:36:51Z","top",2,"Parker Bridwell","R","Danny Arribas","R","0-0","SI",5,-0.333333333333333,1
"215",100,"2017-02-25T20:41:43Z","bottom",2,"Jesse Hahn","R","Jonathan Jay","L","0-0","FF",13,0.25,0
"216",145,"2017-02-25T20:54:11Z","top",3,"Shane Greene","R","Andrew Aplin","L","1-2","FF",11,-0.333333333333333,1
"217",149,"2017-02-25T20:54:31Z","top",3,"Joba Chamberlain","R","Ben Revere","L","0-0","SL",11,0.25,0
"218",150,"2017-02-25T20:54:52Z","top",3,"Derek Eitel","R","Travis Taijeron","R","1-0","CH",14,0.25,0
"219",153,"2017-02-25T20:55:07Z","top",3,"Casey Fien","R","Jose Pirela","R","3-1","FF",3,1,0
"220",158,"2017-02-25T20:55:21Z","top",3,"Dallas Beeler","R","Kelby Tomlinson","R","0-1","CH",14,0.25,0
"221",196,"2017-02-25T20:58:45Z","bottom",3,"Justin Marks","L","Daniel Ortiz","L","0-1","SL",1,-0.333333333333333,1
"222",213,"2017-02-25T21:03:47Z","top",4,"John Gant","R","Brandon Barnes","R","0-0","SL",11,-0.333333333333333,1
"223",241,"2017-02-25T21:09:56Z","bottom",4,"Raul Alcantara","R","Addison Russell","R","0-0","SI",8,-0.333333333333333,1
"224",242,"2017-02-25T21:10:27Z","bottom",4,"John Kuchno","R","Michael McKenry","R","0-1","CU",8,1,0
"225",260,"2017-02-25T21:12:40Z","bottom",4,"Jose Diaz","R","Bradley Zimmer","L","0-1","CH",4,-2,1
"226",300,"2017-02-25T21:28:16Z","top",5,"Carlos Torres","R","Reynaldo Navarro","L","1-1","FF",11,0.25,0
"227",304,"2017-02-25T21:28:41Z","top",5,NA,"R","Michael Morse","R","2-1","FF",8,-0.333333333333333,1
"228",384,"2017-02-25T21:46:04Z","top",6,"Steve Perakslis","R","Marcus Semien","R","0-2","SL",13,0.25,0
"229",415,"2017-02-25T21:52:27Z","top",6,"Alexander Claudio","L","Brayan Pena","R","1-0","FF",13,0.25,0
"230",477,"2017-02-25T22:07:46Z","bottom",6,"Anthony Bass","R","Humberto Arteaga","R","2-0","SI",6,-1,1
"231",490,"2017-02-25T22:12:07Z","top",7,"Spencer Adams","R","Enrique Hernandez","R","1-1","SL",5,-0.333333333333333,1
"232",497,"2017-02-25T22:12:17Z","top",7,"Spencer Adams","R","Christopher Taylor","R","0-0","CH",13,-0.333333333333333,1
"233",523,"2017-02-25T22:18:09Z","top",7,"Scott Oberg","R","Jeremy Hazelbaker","L","2-2","CH",9,-0.333333333333333,1
"234",605,"2017-02-25T22:38:00Z","bottom",8,"Brad Goldberg","R","Tyler Holt","R","1-1","FF",12,0.25,0
"235",93,"2017-02-26T18:37:30Z","bottom",2,"Brady Rodgers","R","Nick Markakis","L","0-0",NA,NA,-0.333333333333333,1
"236",103,"2017-02-26T18:41:18Z","top",3,"A.J. Cole","R","Eddie Rosario","L","0-0",NA,NA,0.5,0
"237",195,"2017-02-26T19:17:51Z","bottom",4,"Buck Farmer","R","Travis d'Arnaud","R","0-2",NA,NA,-0.333333333333333,1
"238",243,"2017-02-26T19:34:29Z","top",5,"Mat Latos","R","Cameron Perkins","R","1-0",NA,NA,0.25,0
"239",250,"2017-02-26T19:36:08Z","top",5,"Chad Bell","L","Jose Reyes","R","0-0",NA,NA,-0.333333333333333,1
"240",498,"2017-02-26T20:58:30Z","bottom",8,"Bryan Rodriguez","R","Michael Freeman","L","0-0",NA,NA,2.5,0
"241",527,"2017-02-26T21:09:55Z","top",9,"Shawn Morimando","L","Eloy Jimenez","R","0-0",NA,NA,0.5,0
"242",9,"2017-02-26T18:10:59Z","top",1,"Paul Sewald","R","Victor Martinez","L","0-0",NA,NA,-2,1
"243",58,"2017-02-26T18:33:10Z","top",2,"Hector Velazquez","R",NA,"L","3-0",NA,NA,0.25,0
"244",299,"2017-02-26T19:57:49Z","top",6,"Fernando Romero","R","Spencer Kieboom","R","0-0",NA,NA,-1,1
"245",320,"2017-02-26T20:04:01Z","bottom",6,"Fernando Abad","L",NA,"L","1-0",NA,NA,0.25,0
"246",329,"2017-02-26T20:06:44Z","bottom",6,"Jared Hughes","R","Robert Andino","R","2-0",NA,NA,0.25,0
"247",406,"2017-02-26T20:36:25Z","bottom",7,"Tyler Webb","L","Robert Andino","R","0-1",NA,NA,-0.333333333333333,1
"248",411,"2017-02-26T20:38:03Z","bottom",7,"Zach Lee","R","Shawn O'Malley","L","0-0",NA,NA,-0.333333333333333,1
"249",421,"2017-02-26T20:40:39Z","top",8,"Tim Adleman","R","Gorkys Hernandez","R","0-0",NA,NA,0,0
"250",18,"2017-02-26T18:13:12Z","bottom",1,"Paul Sewald","R","Steven Moya","L","0-0",NA,NA,-2,1
"251",98,"2017-02-26T18:44:36Z","bottom",2,"Logan Verrett","R",NA,"R","0-0",NA,NA,1,0
"252",176,"2017-02-26T19:16:24Z","top",4,"Tyler Glasnow","R","Wellington Castillo","R","0-0",NA,NA,-0.333333333333333,1
"253",220,"2017-02-26T19:34:29Z","bottom",4,"Mat Latos","R","Cameron Perkins","R","0-1",NA,NA,-0.333333333333333,1
"254",339,"2017-02-26T20:04:01Z","top",6,"Fernando Abad","L",NA,"L","0-0",NA,NA,0,0
"255",375,"2017-02-26T20:19:14Z","bottom",6,"German Marquez","R","Cody Asche","L","0-0",NA,NA,-1,1
"256",430,"2017-02-26T20:41:59Z","top",7,"Matt Moore","L","Brandon Dixon","R","0-0",NA,NA,-1,1
"257",487,"2017-02-26T21:28:38Z","bottom",8,"Dillon Gee","R","Cameron Gallagher","R","0-1",NA,NA,-0.333333333333333,1
"258",22,"2017-02-26T18:12:06Z","bottom",1,"Trevor May","R","Stephen Drew","L","0-0",NA,NA,-0.333333333333333,1
"259",143,"2017-02-26T18:55:17Z","bottom",3,"Marcus Walden","R","Jesus Sucre","R","0-0",NA,NA,-0.333333333333333,1
"260",144,"2017-02-26T18:55:18Z","bottom",3,"Jonathan Broxton","R","Derek Dietrich","L","0-1",NA,NA,-0.333333333333333,1
"261",145,"2017-02-26T18:55:18Z","bottom",3,"Jonathan Broxton","R","Derek Dietrich","L","0-2",NA,NA,-0.333333333333333,1
"262",172,"2017-02-26T19:04:56Z","top",4,"Junichi Tazawa","R","Thomas Pham","R","2-2",NA,NA,1,0
"263",256,"2017-02-26T19:37:48Z","bottom",5,"Sandy Alcantara","R","Jacob Realmuto","R","0-0",NA,NA,-1,1
"264",475,"2017-02-26T20:36:17Z","bottom",8,"Danny Salazar","R","Jemile Weeks","L","0-0",NA,NA,-0.333333333333333,1
"265",477,"2017-02-26T20:36:19Z","bottom",8,"Zach Lee","R","Guillermo Heredia","R","0-2",NA,NA,-0.333333333333333,1
"266",46,"2017-02-26T18:22:12Z","top",2,"Brady Rodgers","R","Frederick Freeman","L","0-0",NA,NA,0.25,0
"267",104,"2017-02-26T18:41:18Z","top",3,"A.J. Cole","R","Eddie Rosario","L","1-0",NA,NA,0.25,0
"268",317,"2017-02-26T19:49:53Z","bottom",6,"Andrew Kittredge","R","Allen Craig","R","0-0",NA,NA,-2,1
"269",317,"2017-02-26T19:49:53Z","bottom",6,"Sandy Alcantara","R","Justin Bour","L","0-0",NA,NA,-1,1
"270",375,"2017-02-26T20:08:26Z","bottom",7,"Angel Nesbitt","R","Brandon Nimmo","L","0-0",NA,NA,-2,1
"271",390,"2017-02-26T20:16:04Z","top",8,"Conner Greene","R","Dylan Cozens","L","0-0",NA,NA,1,0
"272",50,"2017-02-26T18:25:19Z","bottom",1,"Christopher Archer","R","Bryce Brentz","R","0-0",NA,NA,-0.333333333333333,1
"273",256,"2017-02-26T19:41:00Z","top",5,"Christopher Lee","L","Jason Rogers","R","1-0",NA,NA,0.25,0
"274",257,"2017-02-26T19:41:00Z","top",5,"Christopher Lee","L","Jason Rogers","R","2-0",NA,NA,0.25,0
"275",431,"2017-02-26T20:28:46Z","top",8,"Chasen Bradford","R","Tyler Collins","L","2-0",NA,NA,0.25,0
"276",469,"2017-02-26T20:41:17Z","bottom",8,NA,"L","Wyatt Mathisen","R","0-0",NA,NA,-2,1
"277",16,"2017-02-26T18:14:24Z","top",1,"Hector Velazquez","R","Daniel Robertson","R","0-0",NA,NA,0,0
"278",74,"2017-02-26T18:40:21Z","top",2,"Chase Whitley","R","Marco Hernandez","L","0-2",NA,NA,-0.333333333333333,1
"279",116,"2017-02-26T18:54:50Z","top",2,"Nicholas Lee","L","Jorge Polanco","R","0-0",NA,NA,-1,1
"280",195,"2017-02-26T19:19:46Z","top",3,"Jason Gurka","L","Shane Opitz","L","0-0",NA,NA,-2,1
"281",284,"2017-02-26T19:50:16Z","top",5,NA,"R","Miguel Sano","R","0-1",NA,NA,-0.333333333333333,1
"282",311,"2017-02-26T19:56:56Z","top",5,"Brian Ellington","R","Wilfredo Tovar","R","0-0",NA,NA,-0.333333333333333,1
"283",365,"2017-02-26T20:10:28Z","top",6,"Jose Quintana","L","David Dahl","L","0-0",NA,NA,0,0
"284",414,"2017-02-26T20:22:11Z","bottom",6,"Christopher Heston","R","Carlos Asuaje","L","0-2",NA,NA,-0.333333333333333,1
"285",452,"2017-02-26T20:35:18Z","top",7,"Matt Moore","L","Jose Peraza","R","0-2",NA,NA,-0.333333333333333,1
"286",456,"2017-02-26T20:35:47Z","top",7,"Chih-Wei Hu","R","Jake DePew","R","0-0",NA,NA,0,0
"287",489,"2017-02-26T20:43:49Z","top",7,"Odrisamer Despaigne","R","Magneuris Sierra","L","0-2",NA,NA,-0.333333333333333,1
"288",576,"2017-02-26T21:13:23Z","bottom",8,"David Robertson","R","Rafael Ynoa","L","0-1",NA,NA,-0.333333333333333,1
"289",576,"2017-02-26T21:13:23Z","bottom",8,"Robert Stephenson","R","Gorkys Hernandez","R","0-1",NA,NA,-0.333333333333333,1
"290",601,"2017-02-26T21:21:01Z","top",9,"Paul Blackburn","R","Jefry Marte","R","1-0",NA,NA,0.25,0
"291",626,"2017-02-26T21:27:23Z","bottom",9,"Dillon Overton","L","Brett Wallace","L","0-2",NA,NA,-0.333333333333333,1
"292",3,"2017-02-26T18:10:34Z","top",1,"Brett Oberholtzer","L","Brett Gardner","L","0-0",NA,NA,1,0
"293",99,"2017-02-26T18:55:17Z","bottom",3,"Marcus Walden","R","Jesus Sucre","R","0-0",NA,NA,1,0
"294",136,"2017-02-26T19:11:19Z","top",4,"Tyler Glasnow","R","Seth Smith","L","0-0",NA,NA,-1,1
"295",190,"2017-02-26T19:32:48Z","bottom",5,"Eric O'Flaherty","L","Evan Gattis","R","0-0",NA,NA,-3,1
"296",299,"2017-02-26T20:10:07Z","bottom",7,"Jake Buchanan","R","Carlos Santana","L","1-0",NA,NA,0.25,0
"297",299,"2017-02-26T20:10:07Z","bottom",7,"Stephen Gonsalves","L","Grant Green","R","1-0",NA,NA,0.25,0
"298",301,"2017-02-26T20:10:10Z","bottom",7,"Daniel Gossett","R","Cliff Pennington","L","3-0",NA,NA,0.25,0
"299",347,"2017-02-26T20:25:31Z","top",8,"Christopher Heston","R","Jabari Blash","R","0-0",NA,NA,0.25,0
"300",399,"2017-02-26T20:40:27Z","bottom",8,"Tim Adleman","R",NA,"R","2-0",NA,NA,0.25,0
"301",416,"2017-02-26T20:45:07Z","top",9,"Bud Norris","R","Josh Phegley","R","0-0",NA,NA,-0.5,1
"302",3,"2017-02-26T20:07:13Z","top",1,"Jose Quintana","L","Trevor Story","R","0-0",NA,NA,0.25,0
"303",73,"2017-02-26T20:36:19Z","bottom",2,"Zach Lee","R","Guillermo Heredia","R","0-0",NA,NA,-0.333333333333333,1
"304",196,"2017-02-26T21:29:26Z","top",5,"Zachary Jemiola","R","Jeremy Hazelbaker","L","0-0",NA,NA,-1,1
"305",274,"2017-02-26T21:50:38Z","bottom",6,"Enrique Burgos","R","Ian Desmond","R","0-0",NA,NA,-2,1
"306",24,"2017-02-26T20:16:55Z","bottom",1,"J.P. Feyereisen","R",NA,"R","0-0",NA,NA,-1,1
"307",44,"2017-02-26T20:24:20Z","top",2,"Kyle Lobstein","L","Jose Martinez","R","0-0",NA,NA,-0.333333333333333,1
"308",53,"2017-02-26T20:26:08Z","top",2,"Bud Norris","R","Jed Lowrie","L","2-1",NA,NA,0,0
"309",63,"2017-02-26T20:30:21Z","bottom",2,"Wily Peralta","R","Austin Barnes","R","0-0",NA,NA,0,0
"310",79,"2017-02-26T20:36:53Z","top",3,"Matt Moore","L","Desmond Jennings","R","0-0",NA,NA,-1,1
"311",88,"2017-02-26T20:38:53Z","top",3,"Chih-Wei Hu","R","Heiker Meneses","R","0-1",NA,NA,-0.333333333333333,1
"312",117,"2017-02-26T20:51:51Z","top",4,"Michael Kelly","R","Carlos Ruiz","R","0-0",NA,NA,-1,1
"313",124,"2017-02-26T20:54:30Z","bottom",4,"Tyson Perez","R","Emilio Bonifacio","L","0-0",NA,NA,-1,1
"314",128,"2017-02-26T20:54:44Z","bottom",4,"Yency Almonte","R","Chris Iannetta","R","0-0",NA,NA,1,0
"315",297,"2017-02-26T22:53:12Z","top",7,"Adam Loewen","L","Peter O'Brien","R","0-2",NA,NA,-0.333333333333333,1
"316",297,"2017-02-26T22:53:12Z","top",7,"Michael Brady","R","Kaleb Cowart","L","0-2",NA,NA,-0.333333333333333,1
"317",5,"2017-02-26T20:08:16Z","top",1,"Jake Buchanan","R","Abraham Almonte","L","1-1",NA,NA,-2,1
"318",16,"2017-02-26T20:10:28Z","top",1,"Jose Quintana","L","David Dahl","L","0-0",NA,NA,0.25,0
"319",36,"2017-02-26T20:18:06Z","bottom",1,"Zach Lee","R","Daniel Valencia","R","2-2",NA,NA,1,0
"320",36,"2017-02-26T20:18:06Z","bottom",1,"Ryan Yarbrough","L","Deven Marrero","R","2-2",NA,NA,1,0
"321",45,"2017-02-26T20:21:10Z","bottom",1,"Braden Shipley","R","Ian Desmond","R","3-1",NA,NA,-0.333333333333333,1
"322",45,"2017-02-26T20:21:10Z","bottom",1,"Jose Ramirez","R","Carlos Correa","R","3-1",NA,NA,-0.333333333333333,1
"323",89,"2017-02-26T20:36:19Z","top",2,"Zach Lee","R","Guillermo Heredia","R","2-1",NA,NA,0.25,0
"324",90,"2017-02-26T20:36:57Z","top",2,"Miguel Gonzalez","R","Dustin Garneau","R","3-1",NA,NA,-2,1
"325",144,"2017-02-26T20:54:49Z","top",3,"Harrison Musgrave","L","Cody Asche","L","0-0",NA,NA,0.25,0
"326",270,"2017-02-26T21:28:59Z","bottom",4,"Matthew Tomshaw","L","Wilfredo Tovar","R","0-1",NA,NA,0.25,0
"327",326,"2017-02-26T21:44:19Z","bottom",5,NA,"R","Dilson Herrera","R","0-2",NA,NA,0.25,0
"328",333,"2017-02-26T21:46:16Z","bottom",5,NA,"R","Joey Votto","L","1-0",NA,NA,-2,1
"329",345,"2017-02-26T21:48:16Z","bottom",5,"David Goforth","R","Christopher Taylor","R","1-0",NA,NA,-0.333333333333333,1
"330",445,"2017-02-26T22:18:14Z","bottom",6,"Chad Qualls","R","Jason Pridie","L","1-2",NA,NA,-1,1
"331",523,"2017-02-26T22:34:15Z","top",7,"Hoby Milner","L","Mark Zagunis","R","2-2",NA,NA,0.25,0
"332",563,"2017-02-26T22:43:10Z","bottom",7,"Daniel Corcino","R","Daniel Robertson","R","1-0",NA,NA,0.25,0
"333",53,"2017-02-26T20:30:17Z","top",2,"Drew Rucinski","R","Drew Ward","L","3-0",NA,NA,0.25,0
"334",82,"2017-02-26T20:40:59Z","top",3,"Austin Voth","R","Daniel Palka","L","0-0",NA,NA,0,0
"335",249,"2017-02-26T21:36:31Z","bottom",4,"Paul Blackburn","R","Andrelton Simmons","R","0-2",NA,NA,-0.333333333333333,1
"336",486,"2017-02-26T22:48:23Z","top",8,"Blake Parker","R","Jaycob Brugman","L","0-0",NA,NA,-0.333333333333333,1
"337",530,"2017-02-26T23:08:24Z","bottom",8,"Jose Torres","L","Rayder Ascanio","R","0-0",NA,NA,-0.333333333333333,1
"338",531,"2017-02-26T23:08:24Z","bottom",8,"Jose Torres","L","Rayder Ascanio","R","0-1",NA,NA,-0.333333333333333,1
"339",3,"2017-02-26T20:07:12Z","top",1,"Conner Greene","R","Roman Quinn","L","0-0",NA,NA,0.5,0
"340",12,"2017-02-26T20:10:16Z","top",1,"Angel Nesbitt","R","Dominic Smith","L","0-1",NA,NA,-0.333333333333333,1
"341",41,"2017-02-26T20:36:33Z","bottom",1,"Austin Voth","R","Leonardo Reginatto","R","0-0",NA,NA,-0.333333333333333,1
"342",42,"2017-02-26T20:36:33Z","bottom",1,"Austin Voth","R","Leonardo Reginatto","R","0-1",NA,NA,-0.333333333333333,1
"343",64,"2017-02-26T20:39:47Z","top",2,"Tim Mayza","L","Andrew Pullin","L","0-0",NA,NA,0.25,0
"344",64,"2017-02-26T20:39:47Z","top",2,"Jose Ramirez","R","Ramon Laureano","R","0-0",NA,NA,0.25,0
"345",167,"2017-02-26T21:04:34Z","top",3,"Michael Bolsinger","R","Pedro Florimon Jr.","L","2-0",NA,NA,0.25,0
"346",370,"2017-02-26T22:17:25Z","top",6,"Chad Qualls","R","Chris Herrmann","L","0-0",NA,NA,0.25,0
"347",437,"2017-02-26T22:38:25Z","bottom",7,"Pat Venditte","L","Javier Guerra","L","3-0",NA,NA,0.25,0
"348",467,"2017-02-26T22:48:23Z","top",8,"Blake Parker","R","Jaycob Brugman","L","0-0",NA,NA,0.5,0
"349",520,"2017-02-26T23:12:36Z","bottom",9,"Rayan Gonzalez","R","Peter Bourjos","R","0-0",NA,NA,1,0
"350",3,"2017-02-26T20:44:47Z","top",1,"Jorge Lopez","R","Andre Ethier","L","0-0","SL",3,-0.333333333333333,1
"351",4,"2017-02-26T20:44:47Z","top",1,"Jorge Lopez","R","Andre Ethier","L","0-1","FF",7,0.25,0
"352",5,"2017-02-26T20:44:47Z","top",1,"Jorge Lopez","R","Andre Ethier","L","1-1","FF",12,0.25,0
"353",6,"2017-02-26T20:44:47Z","top",1,"Jorge Lopez","R","Andre Ethier","L","2-1","SL",8,0,0
"354",23,"2017-02-26T20:45:52Z","top",1,"Luis Ysla","L","Braxton Lee","L","3-2","FF",14,-0.333333333333333,1
"355",90,"2017-02-26T20:50:03Z","bottom",1,"Luis Ysla","L",NA,"L","0-0","FF",11,-0.333333333333333,1
"356",182,"2017-02-26T20:59:25Z","top",3,"Michael Bolsinger","R","Chace Numata","L","1-1","SI",14,-0.333333333333333,1
"357",185,"2017-02-26T21:00:19Z","top",3,"Yency Almonte","R","Gregor Blanco","L","1-2","SL",4,-0.333333333333333,1
"358",197,"2017-02-26T21:03:19Z","top",3,"Robert Stephenson","R","Jarrett Parker","L","2-2","SI",2,-0.333333333333333,1
"359",217,"2017-02-26T21:09:01Z","bottom",3,"Daniel Wright","R","Alejandro De Aza","L","0-1","SL",14,-0.333333333333333,1
"360",260,"2017-02-26T21:20:01Z","top",4,"Shawn Morimando","L","Matthew Szczur","R","1-0","SI",11,0.25,0
"361",264,"2017-02-26T21:21:01Z","top",4,"Paul Blackburn","R","Jefry Marte","R","2-1","SI",12,0.25,0
"362",272,"2017-02-26T21:22:16Z","top",4,"Tom Wilhelmsen","R","Tom Murphy","R","0-0","SI",2,-0.333333333333333,1
"363",294,"2017-02-26T21:27:21Z","bottom",4,"Tristan Archer","R","Enrique Hernandez","R","0-0","CH",5,-0.333333333333333,1
"364",341,"2017-02-26T21:39:36Z","top",5,"Randall Delgado","R","Carlos Gonzalez","L","1-1","CH",14,0.25,0
"365",342,"2017-02-26T21:40:00Z","top",5,"Austin Adams","R","Andrew Lambo","L","2-1",NA,NA,-1,1
"366",365,"2017-02-26T21:45:08Z","top",5,"Austin Adams","R","Alejandro De Aza","L","0-1","CH",14,-0.333333333333333,1
"367",490,"2017-02-26T22:10:52Z","bottom",6,"Tyler Olson","L","Taylor Davis","R","0-0","FF",2,-0.333333333333333,1
"368",509,"2017-02-26T22:16:19Z","top",7,"Matt Magill","R","Shawn O'Malley","L","0-0","FF",12,-0.333333333333333,1
"369",549,"2017-02-26T22:26:20Z","bottom",7,"David Rollins","L","Bradley Zimmer","L","2-2","FF",14,0.25,0
"370",550,"2017-02-26T22:26:20Z","bottom",7,"David Rollins","L","Bradley Zimmer","L","3-2","FF",8,-1,1
"371",598,"2017-02-26T22:39:59Z","bottom",8,"Blake Parker","R","Ryan Lavarnway","R","2-2","KN",14,1.5,0
"372",17,"2017-02-26T20:13:27Z","top",1,"Wander Suero","R","Mitch Garver","R","1-0","SL",13,0.25,0
"373",25,"2017-02-26T20:16:59Z","bottom",1,"German Marquez","R","Tyler Saladino","R","0-0",NA,NA,0.25,0
"374",75,"2017-02-26T20:31:40Z","top",2,"Drew Rucinski","R","Spencer Kieboom","R","1-1","CH",9,-0.333333333333333,1
"375",89,"2017-02-26T20:36:33Z","bottom",2,"Austin Voth","R","Leonardo Reginatto","R","0-0","CU",12,-0.333333333333333,1
"376",151,"2017-02-26T20:54:49Z","top",3,"Harrison Musgrave","L","Cody Asche","L","0-0",NA,NA,-0.333333333333333,1
"377",190,"2017-02-26T21:05:30Z","bottom",3,"Jeff Ames","R","Deven Marrero","R","0-0",NA,NA,0.25,0
"378",209,"2017-02-26T21:11:09Z","bottom",3,"Alberto Tirado","R","Matthew Dean","R","3-1",NA,NA,-1,1
"379",263,"2017-02-26T21:26:13Z","bottom",4,"Tom Wilhelmsen","R","Alexi Amarista","L","0-0","FF",13,0.25,0
"380",313,"2017-02-26T21:40:17Z","bottom",5,"Miguel Almonte","R","Joey Gallo","L","0-0",NA,NA,-0.333333333333333,1
"381",400,"2017-02-26T21:59:12Z","top",7,NA,"R","Daniel Valencia","R","2-2","SL",14,-0.333333333333333,1
"382",406,"2017-02-26T22:00:08Z","top",7,"Daniel Coulombe","L","Luis Valbuena","L","1-1","SL",14,-0.333333333333333,1
"383",408,"2017-02-26T22:01:02Z","top",7,NA,"R","Robinson Cano","L","1-2","SL",6,-1,1
"384",491,"2017-02-26T22:18:40Z","top",8,"Robert Parnell","R","Cesar Puello","R","1-1","CH",1,-0.333333333333333,1
"385",517,"2017-02-26T22:24:16Z","bottom",8,"Aaron Kurcz","R","Ryan LaMarre","R","1-0","FF",1,-0.333333333333333,1
"386",520,"2017-02-26T22:25:35Z","bottom",8,"Albert Suarez","R","Hernan Iribarren","L","2-2","SL",5,0,0
"387",571,"2017-02-26T22:38:12Z","top",9,"Daniel Corcino","R","Michael Martinez","L","1-0","FF",13,0.25,0
"388",25,"2017-02-26T20:18:22Z","bottom",1,"Bud Norris","R","Mark Canha","R","0-1","SI",11,-1,1
"389",25,"2017-02-26T20:18:22Z","bottom",1,"Reymin Guduan","L","Jace Peterson","L","0-1","SI",11,-4,1
"390",41,"2017-02-26T20:23:09Z","top",2,"Jake Buchanan","R","Lonnie Chisenhall","L","1-1","SI",1,-0.333333333333333,1
"391",61,"2017-02-26T20:29:58Z","bottom",2,"Kyle Lobstein","L","Anthony Garcia","R","0-1","SL",14,0.25,0
"392",86,"2017-02-26T20:35:04Z","bottom",2,"German Marquez","R","Courtney Hawkins","R","1-0","CH",7,-0.333333333333333,1
"393",88,"2017-02-26T20:35:47Z","bottom",2,"Chih-Wei Hu","R","Jake DePew","R","2-1","SI",8,-2,1
"394",103,"2017-02-26T20:39:15Z","bottom",2,"Braden Shipley","R","Chris Denorfia","R","0-2","CH",13,0.25,0
"395",116,"2017-02-26T20:43:49Z","top",3,"Odrisamer Despaigne","R","Magneuris Sierra","L","0-2","CH",14,-0.333333333333333,1
"396",125,"2017-02-26T20:46:26Z","top",3,"Kyle Zimmer","R","Joey Gallo","L","1-1","FF",2,0.5,0
"397",154,"2017-02-26T20:45:52Z","bottom",3,"Luis Ysla","L","Braxton Lee","L","2-1","FF",11,0.25,0
"398",163,"2017-02-26T20:48:51Z","bottom",3,"Tyler Jones","R","DJ LeMahieu","R","3-0","FF",11,0.25,0
"399",185,"2017-02-26T20:53:26Z","bottom",3,"Yu Darvish","R","Garin Cecchini","L","3-1","FF",11,0.25,0
"400",220,"2017-02-26T21:00:29Z","bottom",3,"Cesar Valdez","R","Ben Revere","L","0-0","FF",14,-0.333333333333333,1
"401",223,"2017-02-26T21:01:52Z","bottom",3,"Michael Bolsinger","R","Taylor Featherston","R","1-2","SI",4,-0.333333333333333,1
"402",225,"2017-02-26T21:02:46Z","bottom",3,"Robert Stephenson","R","Joe Panik","L","2-2","SI",14,0.25,0
"403",260,"2017-02-26T21:08:00Z","bottom",3,"Adam Kolarek","L","Ramon Laureano","R","0-0","SI",14,-0.333333333333333,1
"404",294,"2017-02-26T21:31:59Z","top",4,"Brandon Morrow","R","Hernan Perez","R","2-2","CH",13,-0.333333333333333,1
"405",388,"2017-02-26T21:47:44Z","top",5,"Zachary Jemiola","R","Chris Owings","R","2-1","CH",5,-0.333333333333333,1
"406",440,"2017-02-26T22:00:03Z","bottom",5,"Michael Wagner","R","Erik Kratz","R","3-0","FF",11,-0.333333333333333,1
"407",565,"2017-02-26T22:24:42Z","top",6,"David Rollins","L","Eric Stamets","R","1-1","CH",11,0.25,0
"408",577,"2017-02-26T22:27:59Z","bottom",6,"Aaron Kurcz","R",NA,"R","0-0","FF",11,0.25,0
"409",600,"2017-02-26T22:33:12Z","bottom",6,"Hoby Milner","L",NA,"R","1-1","FF",8,-1,1
"410",630,"2017-02-26T22:39:45Z","top",7,"Michael Dunn","L","Reymond Fuentes","L","0-2","SL",7,-0.333333333333333,1
"411",664,"2017-02-26T22:48:02Z","bottom",7,"Luis Castillo","R","Christopher Marrero","R","2-1","SI",14,0.25,0
"412",671,"2017-02-26T22:49:55Z","bottom",7,"Blake Parker","R","Jaff Decker","L","0-2","SI",13,0.25,0
"413",775,"2017-02-26T23:17:08Z","top",9,NA,"R",NA,"R","1-0","SL",11,0.25,0
"414",106,"2017-02-27T18:42:38Z","top",3,"Luis Garcia","R","Shane Peterson","L","0-0",NA,NA,0,0
"415",165,"2017-02-27T19:02:49Z","bottom",3,"Giovanny Gallegos","R","Mark Trumbo","R","0-2",NA,NA,-0.333333333333333,1
"416",177,"2017-02-27T19:07:20Z","bottom",3,"Rafael Montero","R","Jacob Marisnick","R","1-0",NA,NA,-0.333333333333333,1
"417",177,"2017-02-27T19:07:20Z","bottom",3,"Andrew Anderson","R","Michael McKenry","R","1-0",NA,NA,-0.333333333333333,1
"418",320,"2017-02-27T20:05:29Z","bottom",6,"Sean Burnett","L",NA,"R","0-0",NA,NA,-2,1
"419",328,"2017-02-27T20:10:12Z","bottom",6,"Patrick Corbin","L","Billy Hamilton","R","0-0",NA,NA,-0.333333333333333,1
"420",442,"2017-02-27T20:49:13Z","bottom",8,"Josh Edgin","L","Anthony Kemp","L","3-0",NA,NA,0.25,0
"421",516,"2017-02-27T21:08:20Z","top",9,"Jonathan Dziedzic","L","Benjamin Gamel","L","2-0",NA,NA,0.25,0
"422",548,"2017-02-27T21:16:55Z","top",9,"Robert Whalen","R","Humberto Arteaga","R","0-1",NA,NA,-0.333333333333333,1
"423",205,"2017-02-27T19:21:24Z","top",4,"Daniel Poncedeleon","R","Steven Selsky","R","0-0",NA,NA,0.25,0
"424",277,"2017-02-27T19:46:33Z","top",5,"Kyle Martin","R","Greg Garcia","L","0-0",NA,NA,-2,1
"425",460,"2017-02-27T20:46:30Z","top",8,"Pedro Beato","R",NA,"L","0-0",NA,NA,-0.333333333333333,1
"426",461,"2017-02-27T20:46:31Z","top",8,"Connor Sadzeck","R","Travis Shaw","L","0-1",NA,NA,-0.333333333333333,1
"427",462,"2017-02-27T20:46:31Z","top",8,"Connor Sadzeck","R","Travis Shaw","L","0-2",NA,NA,-0.333333333333333,1
"428",549,"2017-02-27T21:20:04Z","top",9,"Zachary Neal","R","Brandon Belt","L","0-0",NA,NA,3,0
"429",553,"2017-02-27T21:20:50Z","top",9,"Miguel Diaz","R","C.J. Cron","R","0-0",NA,NA,-1,1
"430",559,"2017-02-27T21:22:27Z","top",9,"Miguel Diaz","R","Cameron Maybin","R","2-0",NA,NA,0.25,0
"431",51,"2017-02-27T18:24:16Z","top",2,"Michael Wacha","R","Mitchell Moreland","L","0-0",NA,NA,2.5,0
"432",91,"2017-02-27T18:36:44Z","top",3,"Blake Snell","L","Bryan Holaday","R","0-0",NA,NA,-3,1
"433",364,"2017-02-27T20:02:54Z","bottom",8,"Eddie Gamboa","R","Lewis Brinson","R","0-0",NA,NA,0,0
"434",368,"2017-02-27T20:05:39Z","bottom",8,"Montana DuRapau","R","Ryan Goins","L","0-0",NA,NA,-2,1
"435",409,"2017-02-27T20:17:59Z","bottom",9,"Brandon Workman","R",NA,"R","0-0",NA,NA,-2,1
"436",214,"2017-02-27T19:18:26Z","top",4,"Giovanny Gallegos","R","Wellington Castillo","R","0-0",NA,NA,-3,1
"437",251,"2017-02-27T19:32:23Z","top",5,"Jarlin Garcia","L","Robbie Grossman","R","0-2",NA,NA,-0.333333333333333,1
"438",255,"2017-02-27T19:33:18Z","top",5,"Andrew Anderson","R","Casey Gillaspie","L","0-0",NA,NA,0.25,0
"439",255,"2017-02-27T19:33:18Z","top",5,"Jack Flaherty","R","Adam Lind","L","0-0",NA,NA,0.25,0
"440",266,"2017-02-27T19:35:17Z","top",5,"Jason Vargas","L","Mike Zunino","R","0-0",NA,NA,-1,1
"441",363,"2017-02-27T20:15:01Z","top",7,"Ruben Alaniz","R","Christian Walker","R","0-0",NA,NA,0.25,0
"442",500,"2017-02-27T21:01:02Z","bottom",9,"Jason Hursh","R","Dominic Ficociello","L","0-0",NA,NA,2,0
"443",36,"2017-02-27T18:19:41Z","bottom",1,"Chad Kuhl","R","Jose Bautista","R","0-0",NA,NA,-1,1
"444",68,"2017-02-27T18:32:27Z","top",2,"Chad Kuhl","R","Justin Smoak","L","0-1",NA,NA,-0.333333333333333,1
"445",79,"2017-02-27T18:36:39Z","bottom",2,"R.A. Dickey","R","Jose Iglesias","R","0-1",NA,NA,-0.333333333333333,1
"446",141,"2017-02-27T18:59:36Z","bottom",3,"Brandon Kintzler","R","Yefri Perez","L","0-2",NA,NA,-0.333333333333333,1
"447",241,"2017-02-27T19:35:54Z","bottom",5,"Rafael Martin","R","Breyvil Valera","L","0-0",NA,NA,-2,1
"448",347,"2017-02-27T20:02:39Z","top",7,"Danny Barnes","R","Erich Weiss","L","1-0",NA,NA,0.25,0
"449",424,"2017-02-27T20:34:10Z","top",8,"Matt Dermody","L","Jin-De Jhang","L","0-0",NA,NA,-0.333333333333333,1
"450",461,"2017-02-27T20:48:32Z","top",9,"James Shepherd","R",NA,"R","0-0",NA,NA,-2,1
"451",486,"2017-02-27T20:58:02Z","bottom",9,"Miguel Socolovich","R","Rafael Devers","L","1-0",NA,NA,0.25,0
"452",487,"2017-02-27T20:58:05Z","bottom",9,"Seth Frankoff","R","Jose Abreu","R","2-0",NA,NA,0.25,0
"453",493,"2017-02-27T20:59:56Z","bottom",9,"Sean Manaea","L","Kelby Tomlinson","R","0-1",NA,NA,-0.333333333333333,1
"454",498,"2017-02-27T21:00:31Z","bottom",9,"Zach McAllister","R","Will Middlebrooks","R","0-0",NA,NA,-1,1
"455",34,"2017-02-27T18:20:42Z","bottom",1,"Joseph Musgrove","R","Asdrubal Cabrera","L","0-0",NA,NA,-0.333333333333333,1
"456",124,"2017-02-27T18:52:26Z","bottom",3,"Caleb Thielbar","L",NA,"R","0-0",NA,NA,1,0
"457",128,"2017-02-27T18:55:07Z","bottom",3,"Anibal Sanchez","R","Christian Walker","R","0-0",NA,NA,-0.333333333333333,1
"458",211,"2017-02-27T19:32:41Z","top",5,"Andrew Anderson","R","Shane Peterson","L","0-1",NA,NA,-0.333333333333333,1
"459",225,"2017-02-27T19:33:39Z","top",5,"Robby Scott","L","Matthew Adams","L","0-1",NA,NA,-0.333333333333333,1
"460",270,"2017-02-27T19:42:18Z","top",6,"Joel De La Cruz","R","Anthony Gose","L","1-0",NA,NA,0.25,0
"461",4,"2017-02-27T18:11:33Z","top",1,"Jordan Zimmermann","R","Adonis Garcia","R","1-0",NA,NA,0,0
"462",145,"2017-02-27T19:01:21Z","top",4,"Ryan Garton","R","Michael Saunders","L","3-0",NA,NA,0.25,0
"463",165,"2017-02-27T19:09:06Z","bottom",4,"Jordan Schafer","L","Pablo Sandoval","R","0-0",NA,NA,-0.333333333333333,1
"464",359,"2017-02-27T20:10:27Z","top",7,"Jeff Samardzija","R","Khristopher Davis","R","0-0",NA,NA,-0.333333333333333,1
"465",359,"2017-02-27T20:10:27Z","top",7,"Kenta Maeda","R","Jordan Patterson","L","0-0",NA,NA,-0.333333333333333,1
"466",386,"2017-02-27T20:14:49Z","bottom",7,"Junior Guerra","R","Shin-Soo Choo","L","0-2",NA,NA,-0.333333333333333,1
"467",398,"2017-02-27T20:17:32Z","top",8,"Junior Guerra","R","Mike Napoli","R","0-0",NA,NA,-1,1
"468",428,"2017-02-27T20:28:59Z","bottom",8,"Seth Frankoff","R","Avisail Garcia","R","0-0",NA,NA,-0.333333333333333,1
"469",428,"2017-02-27T20:28:59Z","bottom",8,"Carlos Carrasco","R","Douglas Bernier","R","0-0",NA,NA,-0.333333333333333,1
"470",483,"2017-02-27T20:44:42Z","bottom",9,"Chaz Roe","R","Alex Presley","L","0-1",NA,NA,-0.333333333333333,1
"471",495,"2017-02-27T20:47:49Z","bottom",9,"Nate Smith","L","Cory Spangenberg","L","0-0",NA,NA,-2,1
"472",338,"2017-02-27T20:48:27Z","top",8,"Sean Manaea","L","Jarrett Parker","L","0-0",NA,NA,0.5,0
"473",24,"2017-02-27T19:31:19Z","top",1,"Parker Bridwell","R","Gregory Bird","L","0-0","SI",8,-0.333333333333333,1
"474",58,"2017-02-27T19:32:30Z","top",1,"Robby Scott","L","Randal Grichuk","R","1-1","CU",14,-1,1
"475",64,"2017-02-27T19:32:41Z","top",1,"Andrew Anderson","R","Shane Peterson","L","0-1","SI",13,0.25,0
"476",75,"2017-02-27T19:33:25Z","top",1,"Andrew Anderson","R","Jake Bauers","L","0-0","SI",12,0.25,0
"477",194,"2017-02-27T19:57:26Z","bottom",2,"Nicholas Kingham","R","Darwin Barney","R","1-1","SL",7,-0.333333333333333,1
"478",197,"2017-02-27T19:58:18Z","bottom",2,"Daniel Poncedeleon","R","Pablo Sandoval","L","3-2","SL",5,-0.5,1
"479",204,"2017-02-27T20:01:07Z","top",3,"Drew Steckenrider","R","Benjamin Gonzalez","L","0-0","SI",4,-0.333333333333333,1
"480",226,"2017-02-27T20:05:53Z","top",3,"Montana DuRapau","R","Gregorio Petit","R","1-1","SI",6,1,0
"481",254,"2017-02-27T20:10:12Z","top",3,"Patrick Corbin","L","Billy Hamilton","R","1-2","SL",13,-0.333333333333333,1
"482",275,"2017-02-27T20:14:11Z","top",3,"Clay Holmes","R","Anthony Alford","R","0-0","SL",13,-0.333333333333333,1
"483",299,"2017-02-27T20:20:41Z","bottom",3,"Arturo Reyes","R","Marco Hernandez","L","1-1","CH",13,-0.333333333333333,1
"484",316,"2017-02-27T20:25:00Z","bottom",3,"Colton Murray","R","Andrew Velazquez","L","1-1","CH",13,-0.333333333333333,1
"485",340,"2017-02-27T20:30:34Z","top",4,"Colton Murray","R","Granden Goetzman","R","1-0","SI",13,-0.333333333333333,1
"486",340,"2017-02-27T20:30:34Z","top",4,"Braulio Lara","L",NA,"R","1-0","SI",13,-0.333333333333333,1
"487",370,"2017-02-27T20:38:45Z","bottom",4,"Lucas Giolito","R","Addison Russell","R","1-1","FF",13,-0.333333333333333,1
"488",375,"2017-02-27T20:40:00Z","bottom",4,"Tyrell Jenkins","R","C.J. Cron","R","0-0","FF",13,0.25,0
"489",451,"2017-02-27T20:54:57Z","bottom",5,"Jason Hursh","R","JaCoby Jones","R","0-2","FF",12,0.25,0
"490",583,"2017-02-27T21:26:39Z","top",7,"Brock Stewart","R","Michael Tauchman","L","2-2","CU",5,0.5,0
"491",591,"2017-02-27T21:30:07Z","bottom",7,"Brock Stewart","R","Tom Murphy","R","0-0","SI",13,-0.333333333333333,1
"492",60,"2017-02-27T20:31:43Z","top",2,"Hansel Robles","R","A.J. Reed","L","0-1",NA,NA,-0.333333333333333,1
"493",86,"2017-02-27T20:43:19Z","bottom",2,"Scott Feldman","R","Ketel Marte","L","0-0",NA,NA,-0.333333333333333,1
"494",86,"2017-02-27T20:43:19Z","bottom",2,"Samuel Tuivailala","R","Jose Lobaton","L","0-0",NA,NA,-0.333333333333333,1
"495",87,"2017-02-27T20:43:19Z","bottom",2,"Scott Feldman","R","Ketel Marte","L","0-1",NA,NA,-0.333333333333333,1
"496",87,"2017-02-27T20:43:19Z","bottom",2,"Samuel Tuivailala","R","Jose Lobaton","L","0-1",NA,NA,-0.333333333333333,1
"497",115,"2017-02-27T20:56:16Z","top",3,"Andrew Lockett","R","Andrelton Simmons","R","2-0",NA,NA,0.25,0
"498",152,"2017-02-27T21:08:20Z","bottom",3,"Jonathan Dziedzic","L","Benjamin Gamel","L","0-0",NA,NA,-1,1
"499",179,"2017-02-27T21:19:08Z","bottom",4,"Zachary Neal","R","Hunter Pence","R","0-0",NA,NA,-3,1
"500",279,"2017-02-27T21:56:35Z","bottom",5,"Bobby LaFromboise","L","Ryan Cordell","R","1-0",NA,NA,-2,1
"501",434,"2017-02-27T22:42:11Z","top",8,"Ryan Ledbetter","R","Eric Sogard","L","0-0",NA,NA,-1,1
"502",449,"2017-02-27T22:49:06Z","bottom",8,"Chase DeJong","R","Stephen Cardullo","R","1-0",NA,NA,0.25,0
"503",506,"2017-02-27T23:12:58Z","bottom",9,"Matt Carasiti","R","O'Koyea Dickson","R","0-0",NA,NA,-0.333333333333333,1
"504",5,"2017-02-27T20:09:05Z","top",1,"Brett Anderson","L","Melky Cabrera","R","2-0",NA,NA,0.25,0
"505",45,"2017-02-27T20:22:42Z","bottom",1,"Eddie Gamboa","R","Eric Thames","L","0-2",NA,NA,-0.333333333333333,1
"506",55,"2017-02-27T20:27:33Z","top",2,"Clay Holmes","R","Dwight Smith","L","0-0",NA,NA,-0.333333333333333,1
"507",113,"2017-02-27T20:49:50Z","top",3,"Corey Knebel","R","Josh Morgan","R","0-2",NA,NA,-0.333333333333333,1
"508",159,"2017-02-27T21:10:05Z","top",4,"Jonathan Dziedzic","L","Michael Freeman","L","0-0",NA,NA,0,0
"509",206,"2017-02-27T21:29:54Z","top",4,"Cory Gearrin","R","Stephen Vogt","L","0-0",NA,NA,1,0
"510",4,"2017-02-27T20:03:31Z","top",1,"Danny Barnes","R","Jin-De Jhang","L","0-1","SI",7,-0.333333333333333,1
"511",16,"2017-02-27T20:06:13Z","top",1,"Montana DuRapau","R","Kevin Pillar","R","1-2","KN",11,0.25,0
"512",33,"2017-02-27T20:10:05Z","top",1,"T.J. House","L","Daniel Ortiz","L","3-2","KN",4,-0.333333333333333,1
"513",34,"2017-02-27T20:10:23Z","top",1,"T.J. House","L","Barrett Barnes","R","3-2","KN",3,-0.333333333333333,1
"514",41,"2017-02-27T20:13:42Z","bottom",1,"Jimmy Cordero","R","Breyvil Valera","L","1-1","FF",14,0.25,0
"515",47,"2017-02-27T20:15:29Z","bottom",1,"Patrick Corbin","L","Eugenio Suarez","R","0-0","FF",4,1,0
"516",54,"2017-02-27T20:17:23Z","bottom",1,"Jonathan Gray","R","Yasmani Grandal","L","1-2","SI",13,-0.333333333333333,1
"517",59,"2017-02-27T20:18:34Z","bottom",1,"Tyrell Jenkins","R","Kole Calhoun","L","0-1","FF",13,0.25,0
"518",60,"2017-02-27T20:19:05Z","bottom",1,"Tyrell Jenkins","R","Mike Trout","R","1-1",NA,NA,0.25,0
"519",81,"2017-02-27T20:25:18Z","top",2,"Colton Murray","R","Jake Hager","R","1-0","SI",8,1.5,0
"520",89,"2017-02-27T20:26:56Z","top",2,"Tayron Guerrero","R","Daniel Rohlfing","R","1-2","KN",11,0.25,0
"521",98,"2017-02-27T20:28:32Z","top",2,"Braulio Lara","L","Luke Voit","R","1-1","SL",1,-0.333333333333333,1
"522",125,"2017-02-27T20:36:31Z","bottom",2,"Mike Minor","L","Jean Segura","R","1-2","FF",12,0.25,0
"523",203,"2017-02-27T20:58:05Z","top",4,"Seth Frankoff","R","Jose Abreu","R","1-1","FF",14,0.25,0
"524",240,"2017-02-27T21:08:36Z","bottom",4,"Nate Smith","L","Collin Cowgill","R","3-2","FF",8,-0.333333333333333,1
"525",264,"2017-02-27T21:15:18Z","top",5,"Cody Reed","L","Socrates Brito","L","0-2","FF",11,0.25,0
"526",298,"2017-02-27T21:22:42Z","top",5,"J.J. Hoover","R","Patrick Kivlehan","R","0-0","CH",11,0.25,0
"527",300,"2017-02-27T21:24:11Z","top",5,"J.J. Hoover","R","Tucker Barnhart","L","2-0","FF",2,-0.333333333333333,1
"528",322,"2017-02-27T21:30:57Z","top",5,"Blake Wood","R","Oscar Hernandez","R","0-0","FF",11,0.25,0
"529",370,"2017-02-27T21:41:46Z","top",6,"Tyler Wagner","R","Michael Martinez","L","1-1","SL",9,-0.333333333333333,1
"530",401,"2017-02-27T21:49:35Z","top",6,"Tyler Wagner","R","Adam Moore","R","2-2","FF",14,0.25,0
"531",408,"2017-02-27T21:51:22Z","top",6,"Osmel Morales","R","Austin Hedges","R","0-0","FF",12,0.25,0
"532",427,"2017-02-27T21:56:40Z","top",6,NA,"R","Kyle Blanks","R","0-0","CH",8,-0.333333333333333,1
"533",451,"2017-02-27T22:00:55Z","bottom",6,"Tyler Wagner","R","Yandy Diaz","R","1-1","CU",2,-1,1
"534",485,"2017-02-27T22:08:57Z","top",7,"Jhondaniel Medina","R","Leury Garcia","L","1-1","CU",7,0.25,0
"535",530,"2017-02-27T22:21:05Z","top",8,"Thomas Kahnle","R","John Andreoli","R","0-1","FF",11,-0.333333333333333,1
"536",604,"2017-02-27T22:40:03Z","top",9,NA,"R","Jefry Marte","R","2-2","FF",11,0.25,0
"537",639,"2017-02-27T22:48:37Z","bottom",9,NA,"R","Ryder Jones","L","2-2","SI",9,-0.333333333333333,1
"538",3,"2017-02-27T20:06:17Z","top",1,"Marc Rzepczynski","L","Peter O'Brien","R","0-0",NA,NA,1,0
"539",57,"2017-02-27T20:24:02Z","bottom",1,"Kenta Maeda","R","Tom Murphy","R","0-0",NA,NA,0.25,0
"540",58,"2017-02-27T20:24:03Z","bottom",1,"Scott Feldman","R","Paul Goldschmidt","R","1-0",NA,NA,0.25,0
"541",70,"2017-02-27T20:28:25Z","bottom",1,"Carlos Carrasco","R","Brett Nicholas","L","0-1",NA,NA,-0.333333333333333,1
"542",71,"2017-02-27T20:28:25Z","bottom",1,"Carlos Carrasco","R","Brett Nicholas","L","0-2",NA,NA,-0.333333333333333,1
"543",103,"2017-02-27T20:40:44Z","top",2,"Lucas Giolito","R","Miguel Montero","L","0-0",NA,NA,0.25,0
"544",140,"2017-02-27T20:53:42Z","top",3,"Hunter Wood","R","Hector Gomez","R","0-0",NA,NA,-0.333333333333333,1
"545",141,"2017-02-27T20:53:42Z","top",3,"Hunter Wood","R","Hector Gomez","R","0-1",NA,NA,-0.333333333333333,1
"546",142,"2017-02-27T20:53:43Z","top",3,"Allen Webster","R","Jose Ramirez","L","0-2",NA,NA,-0.333333333333333,1
"547",146,"2017-02-27T20:55:18Z","top",3,"Tom Gorzelanny","L",NA,"R","0-0",NA,NA,-0.333333333333333,1
"548",147,"2017-02-27T20:55:18Z","top",3,"Tom Gorzelanny","L",NA,"R","0-1",NA,NA,-0.333333333333333,1
"549",148,"2017-02-27T20:55:19Z","top",3,"Chris Stratton","R","Matt Chapman","R","0-2",NA,NA,-0.333333333333333,1
"550",166,"2017-02-27T21:01:31Z","bottom",3,"Zach McAllister","R","James Loney","L","3-0",NA,NA,0.25,0
"551",176,"2017-02-27T21:05:56Z","bottom",3,"Nick Maronde","L","JR Murphy","R","0-2",NA,NA,-0.333333333333333,1
"552",220,"2017-02-27T21:22:27Z","bottom",4,"Miguel Diaz","R","Cameron Maybin","R","0-0",NA,NA,-1,1
"553",316,"2017-02-27T21:52:37Z","bottom",6,NA,"R","Orlando Caxito","R","0-0",NA,NA,0.25,0
"554",41,"2017-02-27T20:21:29Z","bottom",1,"Kendall Graveman","R","Denard Span","L","0-0",NA,NA,2.5,0
"555",41,"2017-02-27T20:21:29Z","bottom",1,"Clay Holmes","R","Jonathan Diaz","R","0-0",NA,NA,1,0
"556",67,"2017-02-27T20:30:18Z","top",2,"Jonathan Aro","R","Brandon Moss","L","0-1",NA,NA,-0.333333333333333,1
"557",105,"2017-02-27T20:49:23Z","top",3,"Evan Mitchell","R","Kristopher Negron","R","0-1",NA,NA,-0.333333333333333,1
"558",165,"2017-02-27T21:12:23Z","bottom",4,"Pierce Johnson","R","Avisail Garcia","R","0-0",NA,NA,0.25,0
"559",332,"2017-02-27T22:09:23Z","bottom",6,"Jhondaniel Medina","R","Everth Cabrera","L","0-0",NA,NA,0.25,0
"560",402,"2017-02-27T22:31:33Z","top",8,"Stephen Kohlscheen","R","Juremi Profar","R","0-0",NA,NA,1,0
"561",440,"2017-02-27T22:47:28Z","top",9,NA,"R",NA,"R","0-0",NA,NA,-2,1
"562",444,"2017-02-27T22:49:59Z","top",9,"Nick Ramirez","L","Luis Marte","R","0-0",NA,NA,-2,1
"563",36,"2017-02-27T20:20:53Z","bottom",1,"Tyrell Jenkins","R","Luis Valbuena","L","3-1",NA,NA,-0.333333333333333,1
"564",50,"2017-02-27T20:24:30Z","bottom",1,"Rhiner Cruz","R","Miguel Gonzalez","R","0-1",NA,NA,-0.333333333333333,1
"565",63,"2017-02-27T20:29:20Z","top",2,"Jonathan Aro","R","Salvador Perez","R","1-2",NA,NA,-0.333333333333333,1
"566",71,"2017-02-27T20:31:24Z","top",2,"Colton Murray","R","Jonah Heim","L","0-1",NA,NA,-0.333333333333333,1
"567",72,"2017-02-27T20:31:41Z","top",2,"Seth Frankoff","R",NA,"L","0-2",NA,NA,-0.333333333333333,1
"568",81,"2017-02-27T20:34:43Z","bottom",2,"Josh Hader","L","Delino DeShieldsJr.","R","0-0",NA,NA,-0.333333333333333,1
"569",88,"2017-02-27T20:36:01Z","bottom",2,"Michael Feliz","R","Wuilmer Becerra","R","0-0",NA,NA,0.25,0
"570",90,"2017-02-27T20:36:49Z","bottom",2,"Dustin Antolin","R","Nicholas Martini","L","2-0",NA,NA,-0.333333333333333,1
"571",91,"2017-02-27T20:37:14Z","bottom",2,"Matt Dermody","L",NA,"L","2-1",NA,NA,-2,1
"572",91,"2017-02-27T20:37:14Z","bottom",2,"Kraig Sitton","L","Rajai Davis","R","2-1",NA,NA,-1,1
"573",175,"2017-02-27T21:01:02Z","top",3,"Jason Hursh","R","Dominic Ficociello","L","1-2",NA,NA,0.25,0
"574",229,"2017-02-27T21:15:27Z","bottom",4,"Robert Whalen","R","Peter O'Brien","R","0-1",NA,NA,-1,1
"575",296,"2017-02-27T21:34:09Z","bottom",5,"Al Alburquerque","R","Tyler Smith","R","0-0",NA,NA,0,0
"576",535,"2017-02-27T22:27:21Z","bottom",8,"Tyler Mahle","R","Chris Herrmann","L","0-0",NA,NA,-0.333333333333333,1
"577",555,"2017-02-27T22:33:50Z","top",9,"Andrew Suarez","L","Franklin Barreto","R","2-2",NA,NA,-0.333333333333333,1
"578",49,"2017-02-27T20:25:29Z","top",2,"Carlos Carrasco","R","James Loney","L","2-0",NA,NA,-0.333333333333333,1
"579",95,"2017-02-27T20:37:56Z","top",2,"Jonathan Gray","R","Andrew Toles","L","0-0",NA,NA,0.25,0
"580",109,"2017-02-27T20:41:31Z","bottom",2,"Chaz Roe","R","Omar Infante","R","0-1",NA,NA,0.25,0
"581",112,"2017-02-27T20:42:09Z","bottom",2,"James Shepherd","R",NA,"R","2-2",NA,NA,0.25,0
"582",137,"2017-02-27T20:51:13Z","top",3,"Chaz Roe","R","Miguel Gonzalez","R","1-0",NA,NA,0.25,0
"583",164,"2017-02-27T20:58:02Z","bottom",3,"Miguel Socolovich","R","Rafael Devers","L","0-0",NA,NA,-1,1
"584",182,"2017-02-27T21:03:57Z","top",4,"Cody Reed","L","Senger Peralta","L","0-0",NA,NA,0,0
"585",211,"2017-02-27T21:19:28Z","bottom",4,"Joshua Fields","R","Alexi Amarista","L","0-0",NA,NA,0.25,0
"586",255,"2017-02-27T21:33:47Z","top",5,"Blake Wood","R","Senger Peralta","L","1-0",NA,NA,0.25,0
"587",282,"2017-02-27T21:43:17Z","top",5,"Derek Law","R","Joseph Wendle","L","0-0",NA,NA,-0.333333333333333,1
"588",340,"2017-02-27T21:56:40Z","top",6,NA,"R","Kyle Blanks","R","0-0",NA,NA,-0.333333333333333,1
"589",462,"2017-02-27T22:34:34Z","top",8,"Daury Torrez","R","Courtney Hawkins","R","0-2",NA,NA,-0.333333333333333,1
"590",38,"2017-02-28T18:24:47Z","bottom",1,"Daniel Norris","L","Chris Carter","R","0-0",NA,NA,-0.333333333333333,1
"591",254,"2017-02-28T19:42:33Z","bottom",5,"Joshua Lucas","R","Frederick Freeman","L","0-0",NA,NA,0.5,0
"592",468,"2017-02-28T20:33:37Z","bottom",8,"Kyle Freeland","L","Scott Van Slyke","R","0-0",NA,NA,1,0
"593",483,"2017-02-28T20:38:07Z","top",9,"Yohander Mendez","L","Jeff Mathis","R","0-0",NA,NA,-0.5,1
"594",42,"2017-02-28T18:24:36Z","bottom",1,"Alejandro Ramos","R","T.J. Rivera","R","0-2",NA,NA,-0.333333333333333,1
"595",67,"2017-02-28T18:39:13Z","bottom",2,"Kyle Kendrick","R","Tyler Wade","L","0-0",NA,NA,-2,1
"596",196,"2017-02-28T19:26:25Z","bottom",4,"Ricky Knapp","R","Jacob Realmuto","R","0-2",NA,NA,-0.333333333333333,1
"597",204,"2017-02-28T19:29:34Z","bottom",4,"Rowan Wick","R",NA,"R","0-0",NA,NA,-0.333333333333333,1
"598",253,"2017-02-28T19:52:48Z","top",5,"Joe Nathan","R","Marwin Gonzalez","L","0-0",NA,NA,2.5,0
"599",420,"2017-02-28T20:38:22Z","top",7,"Danny Duffy","L","Domingo Santana","R","0-1",NA,NA,-0.333333333333333,1
"600",442,"2017-02-28T20:41:34Z","top",7,"Felix Hernandez","R","Matthew Davidson","R","0-0",NA,NA,-0.333333333333333,1
"601",472,"2017-02-28T20:52:45Z","bottom",7,"Josh Martin","R","Josh Phegley","R","0-0",NA,NA,0.25,0
"602",473,"2017-02-28T20:52:48Z","bottom",7,"Jamie Callahan","R",NA,"R","1-0",NA,NA,2,0
"603",186,"2017-02-28T19:24:26Z","bottom",4,"Nicholas Pivetta","R","Chris Dickerson","L","0-0",NA,NA,0,0
"604",439,"2017-02-28T20:58:20Z","bottom",8,"Joba Chamberlain","R","Ramon Torres","L","0-1",NA,NA,-0.333333333333333,1
"605",55,"2017-02-28T22:13:17Z","bottom",2,"Matthew Purke","L","Michael Freeman","L","0-0",NA,NA,0,0
"606",129,"2017-02-28T22:17:57Z","bottom",3,"Jordan Lyles","R","Christopher Taylor","R","0-0",NA,NA,1,0
"607",129,"2017-02-28T22:17:57Z","bottom",3,"Paul Fry","L","Willy Garcia","R","0-0",NA,NA,0,0
"608",142,"2017-02-28T22:18:56Z","bottom",3,"Reynaldo Lopez","R","Robert Brantly","L","0-0",NA,NA,2.5,0
"609",161,"2017-02-28T22:19:38Z","bottom",3,"Hiram Burgos","R","Brayan Pena","L","0-0",NA,NA,2.5,0
"610",226,"2017-02-28T22:22:20Z","top",4,"Raciel Iglesias","R","Everth Cabrera","L","0-0",NA,NA,-2,1
"611",288,"2017-02-28T22:25:27Z","bottom",5,NA,"R","DJ LeMahieu","R","0-2",NA,NA,-0.333333333333333,1
"612",294,"2017-02-28T22:25:42Z","bottom",5,"Ivan Nova","R","Ezequiel Carrera","L","0-0",NA,NA,0,0
"613",374,"2017-02-28T22:29:51Z","top",7,"Ivan Nova","R","Anthony Alford","R","0-0",NA,NA,-2,1
"614",380,"2017-02-28T22:30:02Z","top",7,"Lucas Harrell","R","Joseph Terdoslavich","L","0-2",NA,NA,-0.333333333333333,1
"615",104,"2017-02-28T18:48:25Z","top",3,"Mike Leake","R","Anthony Recker","R","0-2",NA,NA,-0.333333333333333,1
"616",129,"2017-02-28T18:57:54Z","top",4,"C.J. Riefenhauser","L","Bryce Harper","L","0-0",NA,NA,-1,1
"617",355,"2017-02-28T20:14:35Z","top",8,"Taijuan Walker","R","Travis Snider","L","0-0",NA,NA,0.25,0
"618",357,"2017-02-28T20:14:40Z","top",8,"Jhoulys Chacin","R","Christopher Marrero","R","2-0",NA,NA,0.25,0
"619",388,"2017-02-28T20:28:11Z","bottom",8,"Justus Sheffield","L","Mike Miller","R","0-0",NA,NA,-1,1
"620",395,"2017-02-28T20:28:43Z","top",9,"Jhoulys Chacin","R","Gordon Beckham","R","0-0",NA,NA,-1,1
"621",426,"2017-02-28T20:35:52Z","bottom",9,"Alec Mills","R","Ben Revere","L","0-0",NA,NA,-1.5,1
"622",105,"2017-02-28T18:51:26Z","bottom",2,"Jeanmar Gomez","R","Johnny Giavotella","R","0-0",NA,NA,-2,1
"623",264,"2017-02-28T19:53:12Z","top",6,"Zachary Stewart","R","Michael Saunders","L","0-2",NA,NA,-0.333333333333333,1
"624",372,"2017-02-28T20:27:18Z","bottom",7,"Taijuan Walker","R","James Loney","L","0-0",NA,NA,0,0
"625",382,"2017-02-28T20:32:14Z","bottom",7,"Kyle Freeland","L","Austin Barnes","R","0-2",NA,NA,-0.333333333333333,1
"626",500,"2017-02-28T21:22:49Z","top",9,"Felix Hernandez","R","Nick Delmonico","L","0-0",NA,NA,0,0
"627",39,"2017-02-28T18:22:41Z","bottom",1,"Luis Cessa","R",NA,"L","0-2",NA,NA,-0.333333333333333,1
"628",108,"2017-02-28T18:49:24Z","bottom",3,"Jeanmar Gomez","R","Chris Dickerson","L","0-0",NA,NA,1,0
"629",196,"2017-02-28T19:21:49Z","top",5,"Colby Cervenka","L","Jose Reyes","R","0-0",NA,NA,0.5,0
"630",297,"2017-02-28T19:50:48Z","top",7,"Chasen Shreve","L","Ian Kinsler","R","0-2",NA,NA,-0.333333333333333,1
"631",368,"2017-02-28T20:10:39Z","bottom",8,"Jake Esch","R","Champ Stuart","R","0-0",NA,NA,-1,1
"632",30,"2017-02-28T22:29:26Z","bottom",1,"Lucas Harrell","R","Francisco Cervelli","R","0-0",NA,NA,-0.333333333333333,1
"633",51,"2017-02-28T22:30:04Z","bottom",2,"Daniel Farquhar","R","Thomas Field","R","0-0",NA,NA,0.25,0
"634",52,"2017-02-28T22:30:04Z","bottom",2,"Daniel Farquhar","R","Thomas Field","R","1-0",NA,NA,0.25,0
"635",334,"2017-02-28T22:59:14Z","bottom",6,"Sam Wolff","R","Jason Pridie","L","0-1",NA,NA,-0.333333333333333,1
"636",334,"2017-02-28T22:59:14Z","bottom",6,"Aroni Nina","R","Orlando Caxito","R","0-1",NA,NA,-0.333333333333333,1
"637",352,"2017-02-28T23:00:26Z","bottom",6,"Spencer Adams","R","Dilson Herrera","R","3-0",NA,NA,0.25,0
"638",385,"2017-02-28T23:05:06Z","top",7,"Brian Duensing","L","Chad Hinshaw","R","0-2",NA,NA,-0.333333333333333,1
"639",427,"2017-02-28T23:06:59Z","bottom",7,"Malcom Culver","R","Kyle Wren","L","0-0",NA,NA,-0.333333333333333,1
"640",457,"2017-02-28T23:10:11Z","top",8,"Malcom Culver","R","Manuel Pina","R","0-0",NA,NA,0.5,0
"641",478,"2017-02-28T23:12:44Z","top",8,"Malcom Culver","R","Orlando Arcia","R","0-2",NA,NA,-0.333333333333333,1
"642",531,"2017-02-28T23:15:38Z","top",9,"Alejandro Chacin","R","Roberto Pena","R","0-1",NA,NA,0,0
"643",4,"2017-02-28T20:04:50Z","top",1,"Elniery Garcia","L","Chance Sisco","L","1-0","SI",13,-0.333333333333333,1
"644",83,"2017-02-28T20:27:38Z","bottom",2,"Adam Wilk","L","Ryan Jackson","R","0-1","SI",13,-0.333333333333333,1
"645",168,"2017-02-28T20:50:55Z","bottom",3,"Edison Frias","R","Rafael Bautista","R","0-0","FF",9,1,0
"646",242,"2017-02-28T21:10:22Z","bottom",4,"William Cuevas","R","Austin Romine","R","1-0","SL",5,-2,1
"647",247,"2017-02-28T21:11:14Z","bottom",4,"Andrew Miller","L","Trevor Plouffe","R","1-0","SL",14,-0.333333333333333,1
"648",258,"2017-02-28T21:14:30Z","bottom",4,"Cale Coshow","R","Dominic Ficociello","L","0-2","FF",11,0.25,0
"649",289,"2017-02-28T21:21:58Z","top",5,"Matthew Strahm","L","Eric Thames","L","0-0","FF",6,0,0
"650",299,"2017-02-28T21:22:56Z","top",5,"Felix Hernandez","R","Rymer Liriano","R","0-0","SI",13,-0.333333333333333,1
"651",567,"2017-02-28T22:22:17Z","bottom",7,"David Carpenter","R","Max Kepler","L","2-0","FF",8,-0.333333333333333,1
"652",569,"2017-02-28T22:22:56Z","bottom",7,"Josh Osich","L","Hector Sanchez","R","2-2","FF",14,0.25,0
"653",583,"2017-02-28T22:27:11Z","bottom",7,"Ivan Nova","R","Kendrys Morales","L","2-2","SL",7,0,0
"654",583,"2017-02-28T22:27:11Z","bottom",7,"Drew Storen","R","Leury Garcia","L","2-2","SL",7,3.5,0
"655",602,"2017-02-28T22:29:48Z","bottom",7,"Daniel Farquhar","R","J.B. Shuck","L","1-1","SL",14,0.25,0
"656",624,"2017-02-28T22:35:56Z","top",8,"Daniel Hudson","R","Dwight Smith","L","1-0","FF",11,-0.333333333333333,1
"657",631,"2017-02-28T22:37:48Z","top",8,"Percival Garner","R","Alejandro De Aza","L","0-0","FF",12,0.25,0
"658",676,"2017-02-28T22:51:50Z","top",9,"Brian Duensing","L",NA,"L","0-0","FF",11,0.25,0
"659",692,"2017-02-28T22:55:32Z","top",9,"Ryan O'Rourke","L","Jace Conrad","L","2-2","FF",14,0.25,0
"660",724,"2017-02-28T23:04:38Z","bottom",9,"Malcom Culver","R","Lewis Brinson","R","1-0","CH",12,0.25,0
"661",31,"2017-02-28T22:13:48Z","bottom",1,"Hector Santiago","L","Jake Bauers","L","1-0",NA,NA,1.5,0
"662",137,"2017-02-28T22:23:50Z","bottom",3,"Brad Goldberg","R","Tyler Smith","R","0-0",NA,NA,-2,1
"663",186,"2017-02-28T22:25:25Z","bottom",4,"Maikel Cleto","R","Nolan Fontana","L","0-0",NA,NA,0.5,0
"664",248,"2017-02-28T22:27:51Z","top",5,"Lucas Harrell","R","Josh Harrison","R","1-0",NA,NA,-0.333333333333333,1
"665",249,"2017-02-28T22:27:53Z","top",5,"Miller Diaz","R","Preston Beck","L","1-1",NA,NA,-0.333333333333333,1
"666",454,"2017-02-28T22:51:26Z","top",8,"Juan Nicasio","R","Dwight Smith","L","0-0",NA,NA,0.25,0
"667",472,"2017-02-28T23:00:21Z","bottom",8,"Jeff Beliveau","L","Christopher Bostick","R","0-0",NA,NA,-1,1
"668",543,"2017-02-28T23:24:47Z","bottom",9,"David Goforth","R","Hunter Dozier","R","0-0",NA,NA,0.25,0
"669",5,"2017-02-28T20:09:07Z","top",1,"Jake Esch","R","Amed Rosario","R","0-2",NA,NA,-0.333333333333333,1
"670",241,"2017-02-28T21:43:50Z","bottom",5,"Dylan Unsworth","R","Peter Bourjos","R","0-0",NA,NA,0.25,0
"671",304,"2017-02-28T22:37:24Z","bottom",6,"Anthony Carter","R","Domingo Leyba","L","0-1",NA,NA,-0.333333333333333,1
"672",321,"2017-02-28T22:37:44Z","bottom",6,"Jose Diaz","R","Avisail Garcia","R","0-0",NA,NA,-0.333333333333333,1
"673",322,"2017-02-28T22:37:44Z","bottom",6,"Jose Diaz","R","Avisail Garcia","R","0-1",NA,NA,-0.333333333333333,1
"674",328,"2017-02-28T22:37:50Z","bottom",6,"Glenn Sparkman","R","Josh Harrison","R","0-1",NA,NA,-0.333333333333333,1
"675",329,"2017-02-28T22:37:50Z","bottom",6,"Glenn Sparkman","R","Josh Harrison","R","0-2",NA,NA,-0.333333333333333,1
"676",340,"2017-02-28T22:38:24Z","top",7,"Glenn Sparkman","R","Joseph Terdoslavich","L","1-0",NA,NA,0.25,0
"677",347,"2017-02-28T22:38:35Z","top",7,"Jordan Pries","R","Martin Maldonado","R","1-0",NA,NA,0.25,0
"678",397,"2017-02-28T22:41:15Z","bottom",7,"Jean Machi","R",NA,"L","0-0",NA,NA,-1,1
"679",468,"2017-02-28T22:50:27Z","top",9,"Juan Nicasio","R",NA,"L","0-0",NA,NA,-0.5,1
"680",21,"2017-02-28T20:35:45Z","bottom",1,"Jonathan Holder","R","Brett Pill","R","0-0",NA,NA,1,0
"681",58,"2017-02-28T20:50:48Z","top",2,"Kyle Freeland","L","Chase Utley","L","0-0",NA,NA,-0.5,1
"682",62,"2017-02-28T20:52:48Z","top",2,"Jamie Callahan","R",NA,"R","0-0",NA,NA,0.25,0
"683",95,"2017-02-28T21:06:26Z","bottom",2,"Caleb Frare","L","Anthony Gose","L","1-0",NA,NA,-0.333333333333333,1
"684",97,"2017-02-28T21:06:34Z","bottom",2,"Yefrey Ramirez","R","Matt Dominguez","R","1-2",NA,NA,3.5,0
"685",145,"2017-02-28T21:27:01Z","bottom",3,NA,"R",NA,"L","0-1",NA,NA,-0.333333333333333,1
"686",205,"2017-02-28T21:52:08Z","bottom",4,NA,"L","Jimmy Rollins","R","0-2",NA,NA,-0.333333333333333,1
"687",284,"2017-02-28T22:19:17Z","top",6,"Steven Putnam","R","Jose Peraza","R","0-0",NA,NA,-0.333333333333333,1
"688",365,"2017-02-28T22:39:23Z","top",7,"Bobby Wahl","R","Nelson Rodriguez","R","0-0",NA,NA,-0.333333333333333,1
"689",402,"2017-02-28T22:53:15Z","top",8,"Corey Walter","R","Ronny Rodriguez","R","0-0",NA,NA,1,0
"690",486,"2017-02-28T23:22:48Z","top",9,"Spencer Adams","R","Gabriel Guerrero","R","2-0",NA,NA,0.25,0
"691",509,"2017-02-28T23:29:08Z","bottom",9,"Layne Somsen","R","Ryan McMahon","L","0-0",NA,NA,0,0
"692",44,"2017-02-28T20:51:52Z","bottom",1,"Keyvius Sampson","R","James Loney","L","0-0",NA,NA,-1,1
"693",63,"2017-02-28T20:58:41Z","top",2,"Kyle Freeland","L","Andre Ethier","L","0-0",NA,NA,-2,1
"694",84,"2017-02-28T21:07:53Z","bottom",2,"Jacob Rhame","R","Gerardo Parra","L","0-0",NA,NA,-1,1
"695",118,"2017-02-28T21:21:56Z","bottom",3,"Ariel Jurado","R","Nick Ahmed","R","0-0",NA,NA,0.25,0
"696",157,"2017-02-28T21:32:49Z","bottom",3,"Michael Blazek","R","Cheslor Cuthbert","R","0-0",NA,NA,-0.333333333333333,1
"697",176,"2017-02-28T21:42:34Z","top",4,"Clayton Blackburn","R","Austin Hedges","R","0-0",NA,NA,0.25,0
"698",283,"2017-02-28T22:13:56Z","bottom",5,"Reynaldo Lopez","R","Joey Votto","L","0-0",NA,NA,-1,1
"699",306,"2017-02-28T22:21:20Z","top",6,"Hiram Burgos","R","Ramon Torres","L","0-2",NA,NA,-0.333333333333333,1
"700",344,"2017-02-28T22:31:21Z","top",6,"Lucas Harrell","R","Austin Meadows","L","2-0",NA,NA,0.25,0
"701",409,"2017-02-28T22:49:26Z","bottom",6,NA,"R","Raimel Tapia","L","0-0",NA,NA,-0.333333333333333,1
"702",436,"2017-02-28T22:52:26Z","top",7,"Sam Wolff","R","Oscar Hernandez","R","0-0",NA,NA,-2,1
"703",88,"2017-02-28T20:37:01Z","top",2,"Kyle McGowin","R","Anthony Kemp","L","0-0",NA,NA,2.5,0
"704",120,"2017-02-28T20:46:38Z","bottom",2,"Jamie Callahan","R","Gleyber Torres","R","2-0",NA,NA,0.25,0
"705",305,"2017-02-28T21:48:53Z","bottom",6,"Steve Delabar","R","Ryon Healy","R","1-0",NA,NA,0.25,0
"706",390,"2017-02-28T22:12:50Z","top",8,"Hector Santiago","L","Rickie Weeks","R","0-0",NA,NA,1,0
"707",420,"2017-02-28T22:23:45Z","bottom",8,"Steven Putnam","R","Ryan Raburn","R","0-0",NA,NA,-2,1
"708",81,"2017-02-28T20:50:28Z","top",2,"Julio Urias","L","Ian Desmond","R","3-2",NA,NA,-1,1
"709",138,"2017-02-28T21:06:34Z","bottom",2,"Yefrey Ramirez","R","Matt Dominguez","R","0-2","SL",12,0.25,0
"710",159,"2017-02-28T21:12:29Z","bottom",2,"Ashur Tolliver","L","Emmanuel Burriss","R","0-0",NA,NA,0.25,0
"711",159,"2017-02-28T21:12:29Z","bottom",2,"William Cuevas","R","Jorge Saez","R","0-0",NA,NA,0.25,0
"712",179,"2017-02-28T21:17:47Z","bottom",2,"Ariel Jurado","R","Daniel Descalso","L","1-0",NA,NA,0.25,0
"713",182,"2017-02-28T21:18:53Z","bottom",2,"Andrew Triggs","R","Chris Colabello","R","2-1",NA,NA,-0.333333333333333,1
"714",202,"2017-02-28T21:24:53Z","top",3,"Christopher Volstad","R","Shawn O'Malley","L","0-0","FF",6,-0.333333333333333,1
"715",211,"2017-02-28T21:27:12Z","top",3,"Blake Smith","R","Nelson Cruz","R","1-0","FF",4,-0.333333333333333,1
"716",215,"2017-02-28T21:28:52Z","top",3,"James Pazos","L","Rymer Liriano","R","3-2","FF",14,0.25,0
"717",238,"2017-02-28T21:34:05Z","top",3,"Daniel Gibson","L","Jonathan Lucroy","R","0-0","SI",7,-0.333333333333333,1
"718",272,"2017-02-28T21:42:34Z","bottom",3,"Clayton Blackburn","R","Austin Hedges","R","0-2","FF",12,0.25,0
"719",279,"2017-02-28T21:46:03Z","top",4,"Jimmy Reyes","L","Socrates Brito","L","0-0","CH",14,-0.333333333333333,1
"720",288,"2017-02-28T21:48:53Z","top",4,"Steve Delabar","R","Ryon Healy","R","1-1","SL",9,-0.333333333333333,1
"721",329,"2017-02-28T22:01:28Z","bottom",4,"Aaron Bummer","L","Kyle Waldrop","L","1-0","FF",11,-0.333333333333333,1
"722",345,"2017-02-28T22:06:09Z","top",5,"Dallas Beeler","R","Jefry Marte","R","0-1","FF",6,-0.5,1
"723",388,"2017-02-28T22:14:11Z","top",5,"Matthew Purke","L","Hershcel Powell","L","0-0","CU",14,0.25,0
"724",410,"2017-02-28T22:20:32Z","top",5,"Felix Jorge","R","Rickie Weeks","R","0-0","SI",13,-0.333333333333333,1
"725",413,"2017-02-28T22:22:06Z","top",5,"David Carpenter","R","Jorge Polanco","L","0-2","FF",12,0.25,0
"726",448,"2017-02-28T22:28:37Z","bottom",5,"Maikel Cleto","R","Ben Revere","L","2-0","FF",6,-1,1
"727",491,"2017-02-28T22:38:38Z","top",6,"Bobby Wahl","R","Richie Shaffer","R","0-0","FF",12,0.25,0
"728",495,"2017-02-28T22:39:41Z","top",6,"Jose Diaz","R","Carlos Sanchez","L","3-1","FF",1,1,0
"729",506,"2017-02-28T22:41:55Z","top",6,"Nefi Ogando","R","Adam Engel","R","2-2","SL",14,1,0
"730",515,"2017-02-28T22:43:21Z","top",6,"James Russell","L","Renato Nunez","R","0-2","SL",14,-0.333333333333333,1
"731",665,"2017-02-28T23:17:18Z","top",8,"David Goforth","R","Whit Merrifield","R","0-0","FF",13,-0.333333333333333,1
"732",5,"2017-02-28T20:11:06Z","top",1,"Jandel Gustave","R","Rafael Bautista","R","0-2","SI",5,-2,1
"733",56,"2017-02-28T20:24:31Z","bottom",1,NA,"R","Dylan Cozens","L","1-1","FF",5,-0.333333333333333,1
"734",75,"2017-02-28T20:29:51Z","top",2,"Zachary Davies","R","Alex Gordon","L","2-1","SI",1,-0.333333333333333,1
"735",86,"2017-02-28T20:33:26Z","bottom",2,"Chris Beck","R","Jean Segura","R","0-0","FF",5,-0.333333333333333,1
"736",89,"2017-02-28T20:34:31Z","bottom",2,NA,"R","Pedro Florimon Jr.","L","0-2","SL",4,2.5,0
"737",154,"2017-02-28T20:51:31Z","top",3,"Manny Banuelos","L","Addison Russell","R","0-1","SI",11,-0.333333333333333,1
"738",189,"2017-02-28T21:01:56Z","top",3,"Caleb Frare","L","Alex Presley","L","3-2","SI",2,-0.333333333333333,1
"739",190,"2017-02-28T21:02:32Z","top",3,"Ross Detwiler","L","Lonnie Chisenhall","L","3-2","SI",14,0.25,0
"740",236,"2017-02-28T21:16:53Z","bottom",3,"Cale Coshow","R","Michael Gerber","L","1-2","SI",4,-0.333333333333333,1
"741",285,"2017-02-28T21:29:42Z","bottom",4,"Michael Blazek","R","Alex Gordon","L","0-0","CU",11,1,0
"742",297,"2017-02-28T21:31:21Z","bottom",4,"Daniel Gibson","L","Travis Snider","L","0-0","FF",8,1,0
"743",301,"2017-02-28T21:32:09Z","bottom",4,"Blake Smith","R","Carlos Ruiz","R","0-0","CH",4,-2,1
"744",355,"2017-02-28T21:47:41Z","top",6,"Jimmy Reyes","L","Nick Ahmed","R","1-1","CH",7,-0.333333333333333,1
"745",395,"2017-02-28T21:56:04Z","bottom",6,"Taylor Jungmann","R","Adalberto Mondesi","L","0-0","SI",13,-0.333333333333333,1
"746",490,"2017-02-28T22:20:52Z","bottom",7,"Miller Diaz","R","Michael De Leon","L","1-0","SL",14,0.25,0
"747",508,"2017-02-28T22:25:08Z","bottom",7,"Raciel Iglesias","R","Danny Hayes","L","3-2","SL",13,0.25,0
"748",514,"2017-02-28T22:26:45Z","bottom",7,"Daniel Farquhar","R","Eddie Rosario","L","0-2","FF",13,0.25,0
"749",514,"2017-02-28T22:26:45Z","bottom",7,"Drew Storen","R","Jacob May","L","0-2","FF",13,0.25,0
"750",520,"2017-02-28T22:28:37Z","bottom",7,"Maikel Cleto","R","Ben Revere","L","3-2","SL",12,0.25,0
"751",527,"2017-02-28T22:30:32Z","bottom",7,"Lucas Harrell","R","Jordy Mercer","R","2-1","FF",13,0.25,0
"752",535,"2017-02-28T22:31:48Z","bottom",7,"Tyler Danish","R","Ryan Raburn","R","0-0","SL",8,-0.333333333333333,1
"753",577,"2017-02-28T22:43:52Z","top",8,"Eric Stout","L","Nathan Orf","R","2-0","CH",12,0.25,0
"754",415,"2017-03-01T20:30:33Z","bottom",7,"Ryan Borucki","L","Logan Watkins","L","2-0",NA,NA,0.25,0
"755",422,"2017-03-01T20:31:48Z","bottom",7,"Jake Reed","R","Eury Perez","R","1-0",NA,NA,-0.333333333333333,1
"756",423,"2017-03-01T20:32:03Z","bottom",7,"James Shields","R","Jake Lamb","L","1-1",NA,NA,-0.333333333333333,1
"757",542,"2017-03-01T21:11:29Z","top",9,"Edwin Diaz","R","Francisco Lindor","L","1-0",NA,NA,0.25,0
"758",553,"2017-03-01T21:13:17Z","top",9,"Craig Stammen","R","Yonder Alonso","L","1-0",NA,NA,0.25,0
"759",562,"2017-03-01T21:14:05Z","top",9,"Tyson Perez","R","Destin Hood","R","0-0",NA,NA,0.25,0
"760",40,"2017-03-01T18:19:09Z","bottom",1,"Henry Owens","L","Adam Jones","R","3-0",NA,NA,0.25,0
"761",129,"2017-03-01T18:54:48Z","top",3,"Joseph Ross","R","Alex Avila","L","0-0",NA,NA,-1,1
"762",150,"2017-03-01T19:02:38Z","bottom",3,"Richard Bleier","L","Marco Hernandez","L","0-0",NA,NA,0.25,0
"763",224,"2017-03-01T19:37:53Z","top",5,"Alec Asher","R","Timothy Beckham","R","0-1",NA,NA,-0.333333333333333,1
"764",408,"2017-03-01T20:35:59Z","top",7,"Sonny Gray","R","Luis Urias","R","0-0",NA,NA,-0.333333333333333,1
"765",410,"2017-03-01T20:36:03Z","top",7,"Jake Junis","R","Jonathan Jay","L","0-2",NA,NA,-0.333333333333333,1
"766",420,"2017-03-01T20:38:51Z","bottom",7,"Leonel Campos","R","Argenis Diaz","R","0-0",NA,NA,-2,1
"767",448,"2017-03-01T20:46:16Z","bottom",7,"Trevor Bauer","R","Robinson Cano","L","0-0",NA,NA,-2,1
"768",496,"2017-03-01T21:02:05Z","top",8,"Austin Pettibone","R","Danny Espinosa","L","0-2",NA,NA,-0.333333333333333,1
"769",524,"2017-03-01T21:12:15Z","top",9,"Cesar Vargas","R","Mark Reynolds","R","0-2",NA,NA,-0.333333333333333,1
"770",304,"2017-03-01T19:49:37Z","bottom",6,"Aaron Slegers","R","John Jaso","L","0-0",NA,NA,-0.333333333333333,1
"771",60,"2017-03-01T18:33:53Z","bottom",2,"Dylan Bundy","R","Bryce Brentz","R","0-0",NA,NA,-1,1
"772",342,"2017-03-01T20:09:04Z","top",7,"Nathan Karns","R","Willson Contreras","R","0-0",NA,NA,0.25,0
"773",361,"2017-03-01T20:13:00Z","top",7,"Robbie Ray","L","Adam Engel","R","3-0",NA,NA,0.25,0
"774",387,"2017-03-01T20:22:47Z","bottom",7,"Sandy Baez","R","Rowdy Tellez","L","0-2",NA,NA,-0.333333333333333,1
"775",434,"2017-03-01T20:42:16Z","bottom",8,"Logan Bawcom","R","Adam Rosales","R","0-0",NA,NA,-0.333333333333333,1
"776",519,"2017-03-01T21:15:29Z","bottom",9,"Jonathan Martinez","R","Christian Colon","R","0-0",NA,NA,-0.333333333333333,1
"777",344,"2017-03-01T20:04:28Z","bottom",6,"Paul Sewald","R","Magneuris Sierra","L","0-0",NA,NA,0.5,0
"778",372,"2017-03-01T20:14:32Z","top",7,"Trevor Cahill","R","Khristopher Davis","R","3-0",NA,NA,0.25,0
"779",470,"2017-03-01T20:45:16Z","bottom",8,"Scott Copeland","R","Derek Fisher","L","0-0",NA,NA,-2,1
"780",3,"2017-03-01T18:06:07Z","top",1,"Dylan Bundy","R","Mookie Betts","R","0-0",NA,NA,0.25,0
"781",98,"2017-03-01T18:49:56Z","bottom",2,"Adam Morgan","L","Patrick Leonard","R","0-0",NA,NA,1.5,0
"782",98,"2017-03-01T18:49:56Z","bottom",2,"Sean Gilmartin","L","Matt Carpenter","L","0-0",NA,NA,-1,1
"783",127,"2017-03-01T19:04:30Z","top",3,"Richard Bleier","L","Matt Dominguez","R","3-0",NA,NA,0.25,0
"784",388,"2017-03-01T20:19:51Z","top",7,"Lisalberto Bonilla","R","Domingo Santana","R","0-1",NA,NA,-0.333333333333333,1
"785",445,"2017-03-01T20:37:17Z","top",8,"James Shields","R","Chris Herrmann","L","3-0",NA,NA,0.25,0
"786",531,"2017-03-01T21:06:10Z","bottom",9,NA,"R","Audry Perez","R","0-0",NA,NA,-1,1
"787",44,"2017-03-01T18:25:40Z","top",2,"Chris Devenski","R","Derek Dietrich","L","0-0",NA,NA,1,0
"788",48,"2017-03-01T18:26:35Z","top",2,"Henry Owens","L","Wellington Castillo","R","0-0",NA,NA,1.5,0
"789",71,"2017-03-01T18:32:47Z","top",2,NA,"R","Devaris Gordon","L","0-0",NA,NA,-1,1
"790",77,"2017-03-01T18:36:16Z","bottom",2,"Kyle Gibson","R","Philip Gosselin","R","0-0",NA,NA,0,0
"791",114,"2017-03-01T18:50:16Z","top",3,"Joseph Ross","R","Nick Castellanos","R","0-0",NA,NA,1,0
"792",133,"2017-03-01T18:56:16Z","bottom",3,"Richard Bleier","L","Mookie Betts","R","0-1",NA,NA,-0.333333333333333,1
"793",257,"2017-03-01T19:37:03Z","bottom",5,"Mark Lowe","R","Brandon Snyder","R","3-0",NA,NA,0.25,0
"794",367,"2017-03-01T20:09:12Z","top",7,"Chase Anderson","R","Zachary Cozart","R","0-0",NA,NA,4.5,0
"795",504,"2017-03-01T20:43:41Z","top",9,"Alex Meyer","R","Robinson Chirinos","R","0-0",NA,NA,-0.333333333333333,1
"796",529,"2017-03-01T20:49:37Z","bottom",9,"Zack Godley","R","Omar Narvaez","L","0-0",NA,NA,-1,1
"797",63,"2017-03-01T20:34:07Z","top",2,"Austin Gomber","L","Luis Carpio","R","0-2",NA,NA,-0.333333333333333,1
"798",106,"2017-03-01T20:50:55Z","bottom",2,"Daniel Coulombe","L","Cory Spangenberg","L","0-2",NA,NA,-0.333333333333333,1
"799",160,"2017-03-01T21:13:15Z","bottom",3,"Cesar Vargas","R","Chris Denorfia","R","0-0",NA,NA,1,0
"800",205,"2017-03-01T21:32:43Z","bottom",4,"Michael Dunn","L","Tony Cruz","R","0-0",NA,NA,-0.333333333333333,1
"801",410,"2017-03-01T22:46:17Z","bottom",7,"Micah Owings","R","Chris Colabello","R","0-0",NA,NA,-0.333333333333333,1
"802",60,"2017-03-01T20:21:50Z","top",2,"Sonny Gray","R","Wil Myers","R","1-2","FF",6,-0.333333333333333,1
"803",66,"2017-03-01T20:24:47Z","bottom",2,"Jesse Chavez","R","Mike Napoli","R","0-0","SL",3,-0.333333333333333,1
"804",143,"2017-03-01T20:43:07Z","bottom",3,"Hector Neris","R","Braxton Lee","L","0-1","CH",14,0.25,0
"805",154,"2017-03-01T20:45:06Z","bottom",3,"Cody Dickson","L","Eddy Rodriguez","R","0-0","FF",9,-0.333333333333333,1
"806",171,"2017-03-01T20:49:20Z","top",4,"Braulio Lara","L","Brett Pill","R","1-0","CH",13,-0.333333333333333,1
"807",225,"2017-03-01T21:04:49Z","top",5,NA,"R","Aneury Tavarez","L","0-0","SI",9,-0.333333333333333,1
"808",234,"2017-03-01T21:06:43Z","top",5,"Derek Eitel","R","John Hicks","R","0-0","SL",12,0.25,0
"809",293,"2017-03-01T21:22:04Z","top",6,"Nick Wittgren","R","Jack Mayfield","R","2-2","SI",7,-0.333333333333333,1
"810",327,"2017-03-01T21:29:46Z","top",6,"Michael Dunn","L","Luis Sardinas","R","1-2","SL",5,-4,1
"811",421,"2017-03-01T21:51:39Z","top",7,"Tucker Healy","R","Luis Torrens","R","3-1","SI",11,0.25,0
"812",450,"2017-03-01T21:57:52Z","top",7,"Jackson Stephens","R","Kirk Nieuwenhuis","L","1-1","SI",2,1.5,0
"813",487,"2017-03-01T22:06:24Z","bottom",7,"Kyle Crockett","L","Nevin Ashley","R","2-2","FF",7,-0.333333333333333,1
"814",560,"2017-03-01T22:25:24Z","bottom",8,"Jason Jester","R","Stephen Cardullo","R","0-2","FF",9,-2,1
"815",4,"2017-03-01T20:09:04Z","top",1,"Nathan Karns","R","Willson Contreras","R","1-0",NA,NA,-2,1
"816",152,"2017-03-01T21:00:35Z","bottom",3,"Richard Rodriguez","R","Bryce Brentz","R","0-0",NA,NA,-1,1
"817",276,"2017-03-01T21:49:35Z","top",6,"Justin Miller","R","Rougned Odor","L","0-0",NA,NA,0.25,0
"818",410,"2017-03-01T22:28:15Z","top",8,"Jason Jester","R","Dustin Garneau","R","0-0",NA,NA,0.25,0
"819",430,"2017-03-01T22:33:31Z","bottom",8,"Tyler Olson","L","Zach Shank","R","1-0",NA,NA,0.25,0
"820",431,"2017-03-01T22:33:31Z","bottom",8,"Tyler Olson","L","Zach Shank","R","2-0",NA,NA,0.25,0
"821",13,"2017-03-01T20:10:13Z","top",1,"Trevor Cahill","R","Alejandro De Aza","L","0-0",NA,NA,0,0
"822",40,"2017-03-01T20:21:01Z","top",2,"Brian Ellington","R","Josh Reddick","L","0-2",NA,NA,-0.333333333333333,1
"823",85,"2017-03-01T20:43:19Z","top",3,"Rookie Davis","R","Jonathan Villar","L","0-0",NA,NA,0,0
"824",110,"2017-03-01T20:55:01Z","bottom",3,"David Robertson","R","A.J. Pollock","R","0-1",NA,NA,0,0
"825",299,"2017-03-01T21:58:46Z","top",6,"Scott Peoples","R","Jay Baum","R","0-0",NA,NA,1,0
"826",487,"2017-03-01T22:53:50Z","bottom",8,"Juan Collado","R","Peter O'Brien","R","0-0",NA,NA,-1,1
"827",69,"2017-03-01T20:28:58Z","top",2,"Wander Suero","R","John Hicks","R","2-0","FF",11,-0.333333333333333,1
"828",71,"2017-03-01T20:29:33Z","top",2,"Jesse Chavez","R","Robinson Chirinos","R","2-2","KN",11,0.25,0
"829",89,"2017-03-01T20:35:40Z","bottom",2,"Tyler Chatwood","R","Tony Cruz","R","0-2","CU",6,-1,1
"830",126,"2017-03-01T20:45:06Z","top",3,"Cody Dickson","L","Eddy Rodriguez","R","3-0","FF",11,-0.333333333333333,1
"831",268,"2017-03-01T21:24:05Z","top",6,"Jonathan Sanchez","L","Albert Almora","R","1-2","FF",14,0.25,0
"832",281,"2017-03-01T21:26:56Z","top",6,"Jonathan Sanchez","L","Victor Caratini","R","1-1","SL",2,-0.333333333333333,1
"833",303,"2017-03-01T21:32:23Z","bottom",6,"Jonathan Martinez","R","Alcides Escobar","R","3-2","FF",13,-0.333333333333333,1
"834",413,"2017-03-01T21:58:18Z","bottom",7,"Jake Petricka","R","Yasmany Tomas","R","0-0","CH",14,0.25,0
"835",464,"2017-03-01T22:13:40Z","bottom",8,"Jackson Stephens","R","Yadiel Rivera","R","0-0","FF",1,-0.333333333333333,1
"836",519,"2017-03-01T22:28:34Z","top",9,NA,"R","Joe Hudson","R","0-0","FF",13,0.25,0
"837",23,"2017-03-01T20:15:32Z","top",1,"Eddie Butler","R","Eric Hosmer","L","2-0","FF",12,0.25,0
"838",29,"2017-03-01T20:16:43Z","top",1,"Lisalberto Bonilla","R","Scooter Gennett","L","0-1","SI",1,-0.333333333333333,1
"839",31,"2017-03-01T20:17:32Z","top",1,"Brian Ellington","R","Carlos Correa","R","0-2","FF",3,-1,1
"840",53,"2017-03-01T20:23:37Z","bottom",1,"Brian Ellington","R","Tyler Heineman","L","1-0","SI",14,0.25,0
"841",89,"2017-03-01T20:32:26Z","top",2,"Jake Junis","R","Matthew Szczur","R","3-0","FF",14,-0.333333333333333,1
"842",98,"2017-03-01T20:34:49Z","top",2,"Angel Nesbitt","R","Raudy Read","R","2-2","SI",4,-1,1
"843",103,"2017-03-01T20:35:40Z","top",2,"Tyler Chatwood","R","Tony Cruz","R","0-0","CU",14,0.25,0
"844",139,"2017-03-01T20:46:12Z","top",3,"Alfonso Alcantara","R","Jonathon Berti","R","1-1","SL",13,0.25,0
"845",141,"2017-03-01T20:46:47Z","top",3,"Scott Copeland","R","Reid Brignac","L","3-1","SL",14,0.25,0
"846",175,"2017-03-01T20:55:01Z","bottom",3,"David Robertson","R","A.J. Pollock","R","1-0","SI",4,-0.333333333333333,1
"847",211,"2017-03-01T21:05:36Z","top",4,"Scott Copeland","R","Tyler Heineman","L","1-1","SL",13,-0.333333333333333,1
"848",358,"2017-03-01T21:44:25Z","bottom",5,"Ryan Merritt","L","Daniel Vogelbach","L","0-0","FF",13,0.25,0
"849",484,"2017-03-01T22:15:02Z","top",7,"Chris Withrow","R","Taylor Davis","R","3-2",NA,NA,0.25,0
"850",557,"2017-03-01T22:31:35Z","bottom",7,"Keury Mella","R","Garrett Cooper","R","1-1","FF",8,-0.333333333333333,1
"851",561,"2017-03-01T22:34:11Z","bottom",7,"Robert Parnell","R","John Andreoli","R","1-2","FF",14,0.5,0
"852",627,"2017-03-01T22:50:43Z","bottom",8,"Adam Loewen","L",NA,"R","2-2","SL",2,-0.333333333333333,1
"853",3,"2017-03-01T20:09:50Z","top",1,"Dominic Leone","R","Brendan Ryan","R","0-0",NA,NA,-0.333333333333333,1
"854",14,"2017-03-01T20:13:15Z","top",1,"Trevor Cahill","R","Matthew Joyce","L","0-1",NA,NA,-0.333333333333333,1
"855",14,"2017-03-01T20:13:15Z","top",1,"Eddie Butler","R","Whit Merrifield","R","0-1",NA,NA,-0.333333333333333,1
"856",34,"2017-03-01T20:21:02Z","bottom",1,"Trevor Bauer","R","Daniel Vogelbach","L","0-0",NA,NA,-1,1
"857",105,"2017-03-01T20:46:18Z","top",3,"Braulio Lara","L",NA,"R","1-0",NA,NA,0.25,0
"858",148,"2017-03-01T21:08:41Z","top",4,"Tyson Perez","R","Moises Sierra","R","0-0",NA,NA,-0.333333333333333,1
"859",154,"2017-03-01T21:10:52Z","top",4,"Neftali Feliz","R","Dilson Herrera","R","0-0",NA,NA,-1,1
"860",184,"2017-03-01T21:23:12Z","top",5,"Cesar Vargas","R","Gerardo Parra","L","0-0",NA,NA,0.25,0
"861",373,"2017-03-01T22:25:03Z","top",8,NA,"R","Renato Nunez","R","0-0",NA,NA,-1,1
"862",472,"2017-03-01T22:56:37Z","bottom",9,"Johendi Jiminian","R","Dusty Coleman","R","1-0",NA,NA,0.25,0
"863",44,"2017-03-02T18:22:22Z","bottom",1,"Adam Conley","L","Yoenis Cespedes","R","0-0",NA,NA,-2,1
"864",75,"2017-03-02T18:31:38Z","bottom",2,"Ryan Garton","R","Pablo Sandoval","L","0-1",NA,NA,2.5,0
"865",101,"2017-03-02T18:43:36Z","top",3,"Jason Garcia","R","Matt Hague","R","0-0",NA,NA,1,0
"866",106,"2017-03-02T18:45:37Z","top",3,"Chase Whitley","R","Mookie Betts","R","0-0",NA,NA,-0.333333333333333,1
"867",108,"2017-03-02T18:45:43Z","top",3,"Jason Garcia","R","JR Murphy","R","0-2",NA,NA,-0.333333333333333,1
"868",251,"2017-03-02T19:34:04Z","bottom",5,"Brandon Kintzler","R","Chris Johnson","R","0-0",NA,NA,0.25,0
"869",260,"2017-03-02T19:35:13Z","bottom",5,"Dustin Antolin","R","J.D. Davis","R","0-0",NA,NA,-1,1
"870",378,"2017-03-02T20:06:59Z","top",7,"Amir Garrett","L","Jason Heyward","L","0-1",NA,NA,-0.333333333333333,1
"871",401,"2017-03-02T20:16:46Z","bottom",7,"Keegan Yuhl","R","Jhonatan Solano","R","0-0",NA,NA,-0.333333333333333,1
"872",453,"2017-03-02T20:43:27Z","bottom",8,"Christian Friedrich","L","Nick Ahmed","R","0-1",NA,NA,-0.333333333333333,1
"873",482,"2017-03-02T20:49:23Z","top",9,"Miguel Mejia","R","Jose Peraza","R","0-0",NA,NA,0.5,0
"874",493,"2017-03-02T20:52:25Z","top",9,"Archie Bradley","R","Manuel Margot","R","0-2",NA,NA,-0.333333333333333,1
"875",148,"2017-03-02T19:06:39Z","bottom",3,"Jeurys Familia","R","Adeiny Hechavarria","R","0-0",NA,NA,-0.333333333333333,1
"876",211,"2017-03-02T19:33:49Z","bottom",4,"Danny Barnes","R","David Herrera","L","0-0",NA,NA,-1,1
"877",224,"2017-03-02T19:40:15Z","top",5,"Donnie Hart","L","Jorge Polanco","R","0-0",NA,NA,-0.333333333333333,1
"878",256,"2017-03-02T19:50:56Z","bottom",5,"Roenis Elias","L","Patrick Leonard","R","0-0",NA,NA,1,0
"879",346,"2017-03-02T20:13:01Z","top",7,NA,"L","Jett Bandy","R","0-0",NA,NA,0.5,0
"880",350,"2017-03-02T20:14:36Z","top",7,"Paco Rodriguez","L","Eric Fryer","R","0-0",NA,NA,-1,1
"881",492,"2017-03-02T21:00:41Z","bottom",9,"Josh Hader","L","Jean Segura","R","0-0",NA,NA,-1,1
"882",496,"2017-03-02T21:02:40Z","bottom",9,NA,"R","Justin Ruggiano","R","0-0",NA,NA,-0.333333333333333,1
"883",509,"2017-03-02T21:03:18Z","bottom",9,"Sergio Romo","R","Roberto Perez","R","0-0",NA,NA,1,0
"884",30,"2017-03-02T18:19:21Z","bottom",1,"Bartolo Colon","R","Dexter Fowler","L","0-0",NA,NA,-2,1
"885",98,"2017-03-02T18:47:36Z","top",3,"Kyle McGowin","R","Jacob Marisnick","R","0-0",NA,NA,0.25,0
"886",116,"2017-03-02T18:56:18Z","top",3,"Jason Garcia","R","Kennys Vargas","L","1-0",NA,NA,0.25,0
"887",127,"2017-03-02T18:58:32Z","top",3,"Pat Neshek","R","Jose Bautista","R","1-2",NA,NA,1,0
"888",241,"2017-03-02T19:37:40Z","top",5,"Tom Gorzelanny","L","Matt Juengel","R","0-2",NA,NA,-0.333333333333333,1
"889",356,"2017-03-02T20:11:48Z","top",7,NA,"L","Eric Thames","L","0-1",NA,NA,-0.333333333333333,1
"890",434,"2017-03-02T20:45:20Z","bottom",8,"Michael Tonkin","R","Dariel Alvarez","R","0-0",NA,NA,1,0
"891",447,"2017-03-02T20:50:34Z","top",9,"Edubray Ramos","R","Rowdy Tellez","L","0-0",NA,NA,-0.333333333333333,1
"892",453,"2017-03-02T20:54:55Z","top",9,"Jesse Hahn","R","Ryan Rua","R","0-0",NA,NA,0,0
"893",471,"2017-03-02T20:59:46Z","top",9,"Tony Cingrani","L","Ben Zobrist","R","0-0",NA,NA,1,0
"894",483,"2017-03-02T21:03:18Z","top",9,"Sergio Romo","R","Roberto Perez","R","0-0",NA,NA,-1,1
"895",42,"2017-03-02T18:21:27Z","bottom",1,"Justin Verlander","R","Francisco Cervelli","R","0-1",NA,NA,-0.333333333333333,1
"896",128,"2017-03-02T18:51:41Z","bottom",2,"Dan Straily","R","Matthew Reynolds","R","0-2",NA,NA,-0.333333333333333,1
"897",184,"2017-03-02T19:17:22Z","top",4,"Trevor Williams","R","Miguel Cabrera","R","0-0",NA,NA,0.5,0
"898",380,"2017-03-02T20:12:01Z","top",6,"Daniel Stumpf","L","Gift Ngoepe","R","0-0",NA,NA,-3,1
"899",458,"2017-03-02T20:34:35Z","bottom",7,"Tyler Anderson","L","Cheslor Cuthbert","R","0-0",NA,NA,0.25,0
"900",458,"2017-03-02T20:34:35Z","bottom",7,"Matt Moore","L","Tim Anderson","R","0-0",NA,NA,0.25,0
"901",473,"2017-03-02T20:39:17Z","bottom",7,"Amir Garrett","L","Jason Heyward","L","0-0",NA,NA,-2,1
"902",527,"2017-03-02T20:57:57Z","bottom",8,"Hansel Robles","R","Brian Anderson","R","0-0",NA,NA,0.25,0
"903",530,"2017-03-02T20:58:17Z","bottom",8,"Ryan O'Rourke","L","Sean Coyle","R","2-1",NA,NA,-0.333333333333333,1
"904",554,"2017-03-02T21:07:44Z","top",9,NA,"R","Michael Morse","R","1-0",NA,NA,0.25,0
"905",37,"2017-03-02T18:18:05Z","top",1,"Phil Hughes","R","Mark Trumbo","R","1-2",NA,NA,1,0
"906",71,"2017-03-02T18:32:40Z","bottom",1,"Aaron Nola","R","Jarrod Saltalamacchia","L","0-0",NA,NA,0.25,0
"907",310,"2017-03-02T19:57:25Z","bottom",5,"Blaine Boyer","R","Jose Martinez","R","0-0",NA,NA,0,0
"908",427,"2017-03-02T20:29:44Z","bottom",6,"Rob Zastryzny","L","Ryan Raburn","R","2-0",NA,NA,0.25,0
"909",456,"2017-03-02T20:41:10Z","top",7,"Caleb Thielbar","L","Phillip Evans","R","0-0",NA,NA,1,0
"910",460,"2017-03-02T20:43:34Z","top",7,"T.J. House","L","Pedro Florimon Jr.","R","0-0",NA,NA,-0.333333333333333,1
"911",477,"2017-03-02T20:49:14Z","bottom",7,"Kenley Jansen","R","Yan Gomes","R","0-1",NA,NA,-0.333333333333333,1
"912",477,"2017-03-02T20:49:14Z","bottom",7,"Archie Bradley","R","Erick Aybar","L","0-1",NA,NA,-0.333333333333333,1
"913",478,"2017-03-02T20:49:14Z","bottom",7,"Kenley Jansen","R","Yan Gomes","R","0-2",NA,NA,-0.333333333333333,1
"914",478,"2017-03-02T20:49:14Z","bottom",7,"Archie Bradley","R","Erick Aybar","L","0-2",NA,NA,-0.333333333333333,1
"915",503,"2017-03-02T20:58:25Z","top",8,"T.J. House","L","Tyler Goeddel","R","1-0",NA,NA,-0.333333333333333,1
"916",579,"2017-03-02T21:43:47Z","top",9,"Kevin Quackenbush","R","Socrates Brito","L","0-0",NA,NA,0.5,0
"917",608,"2017-03-02T21:45:08Z","bottom",9,"Shawn Morimando","L","Bobby Wilson","R","3-0",NA,NA,0.25,0
"918",613,"2017-03-02T21:45:16Z","bottom",9,"Jose Rosario","R","Joey Votto","L","0-0",NA,NA,-0.333333333333333,1
"919",619,"2017-03-02T21:45:31Z","bottom",9,"Jhan Marinez","R","Jean Segura","R","0-0",NA,NA,-0.333333333333333,1
"920",130,"2017-03-02T19:00:11Z","bottom",3,"Phil Hughes","R","Hyun-Soo Kim","L","0-0",NA,NA,0.25,0
"921",353,"2017-03-02T20:28:20Z","top",6,"Clayton Kershaw","L","Chris Colabello","R","0-0",NA,NA,1,0
"922",407,"2017-03-02T20:32:50Z","top",7,"Tyler Anderson","L","Brandon Moss","L","0-0",NA,NA,1,0
"923",422,"2017-03-02T20:33:53Z","top",7,"Matt Moore","L","Peter Bourjos","R","0-0",NA,NA,-2,1
"924",545,"2017-03-02T21:07:03Z","top",9,"Jason Creasy","R","Miguel Gonzalez","R","0-2",NA,NA,-0.333333333333333,1
"925",577,"2017-03-02T21:19:09Z","bottom",9,NA,"R","Conor Gillaspie","L","0-0",NA,NA,2.5,0
"926",166,"2017-03-02T19:18:40Z","bottom",4,"Luis Garcia","R","Gregorio Petit","R","0-0",NA,NA,-0.333333333333333,1
"927",366,"2017-03-02T20:10:52Z","bottom",6,"Chris Young","R","Ian Desmond","R","0-0",NA,NA,-0.333333333333333,1
"928",489,"2017-03-02T20:56:07Z","top",8,"Blaine Hardy","L","Joseph Terdoslavich","R","0-0",NA,NA,1,0
"929",510,"2017-03-02T21:00:45Z","top",8,"Ryan O'Rourke","L","Jomar Reyes","R","0-0",NA,NA,-1,1
"930",540,"2017-03-02T21:10:42Z","bottom",8,"Shae Simmons","R","Jett Bandy","R","1-0",NA,NA,0.25,0
"931",12,"2017-03-02T20:10:01Z","top",1,"Danny Salazar","R","Andre Ethier","L","0-0",NA,NA,-1,1
"932",32,"2017-03-02T20:17:15Z","bottom",1,"Matt Garza","R","Jarrod Dyson","L","0-2",NA,NA,-0.333333333333333,1
"933",52,"2017-03-02T20:27:01Z","top",2,NA,"L","Scooter Gennett","L","0-0",NA,NA,-1,1
"934",88,"2017-03-02T20:42:45Z","bottom",3,"Noe Ramirez","R","Jake Hager","R","0-0",NA,NA,0.5,0
"935",100,"2017-03-02T20:49:19Z","bottom",3,"Samuel Tuivailala","R","Colin Walsh","L","0-0",NA,NA,1.5,0
"936",100,"2017-03-02T20:49:19Z","bottom",3,"Blake Treinen","R",NA,"R","0-0",NA,NA,1,0
"937",115,"2017-03-02T20:55:09Z","bottom",3,"T.J. House","L","Dylan Cozens","L","0-0",NA,NA,-1,1
"938",115,"2017-03-02T20:55:09Z","bottom",3,"Blaine Hardy","L","Gift Ngoepe","R","0-0",NA,NA,-0.5,1
"939",130,"2017-03-02T21:00:41Z","top",4,"Josh Hader","L","Jean Segura","R","3-0",NA,NA,0.25,0
"940",138,"2017-03-02T21:04:45Z","top",4,NA,"R","Brandon Crawford","L","0-0",NA,NA,0.25,0
"941",141,"2017-03-02T21:04:49Z","top",4,"Ben Holmes","L","Gavin Cecchini","R","3-0",NA,NA,0.25,0
"942",235,"2017-03-02T21:40:53Z","top",6,"Dillon Gee","R","Ryon Healy","R","0-0",NA,NA,0.25,0
"943",410,"2017-03-02T22:35:15Z","bottom",8,"Andrew Lockett","R","Kevin Cron","R","0-0",NA,NA,-0.333333333333333,1
"944",13,"2017-03-02T20:10:20Z","top",1,"Rob Zastryzny","L","Billy Hamilton","R","0-0",NA,NA,0,0
